4526 5848
1053 319 1271 392 ..12-

312 495 456 565 λίποντα
483 517 538 580 pro
564 492 797 572 διαλείποντας
829 494 916 574 93ι
944 491 1077 562 ἀκούειν
1105 515 1159 579 οιο
1186 491 1341 574 ἀκούσαις
1378 495 1408 572 9,
1429 497 1463 562 5:
1494 500 1617 571 ίπποις
1644 491 1788 580 ἄρχοντα
1809 516 1863 580 οτο
1887 501 2009 572 ίπποις

312 606 457 694 ἄριστα;’
475 609 504 682 9,
520 607 558 672 8:
579 607 706 694 μηδένα
727 629 781 692 οιο
803 607 907 694 μηδὲν
928 605 984 685 ἄνς
1012 608 1043 686 9,
1057 611 1110 674 ll:
1131 607 1277 695 φανεράν
1299 629 1353 692 οτο
1375 609 1533 695 φανεράςς
1556 609 1660 686 9,16;
1688 609 1747 676 τοῦ
1767 607 1844 685 τούς
1865 627 1920 692 pre
1933 605 2007 674 τού-

312 743 403 798 τοος;
435 723 466 800 9,
489 723 545 788 19;
573 723 631 807 τῆς
652 741 706 804 pro
728 714 778 806 ἧςς
812 723 860 796 10,
876 723 914 786 6:
943 719 1117 805 δεξάμενοι
1138 743 1193 804 οιο
1215 719 1405 806 διξάηιονοις
1441 723 1489 798 19,
1506 721 1540 786 9;
1577 717 1810 808 κατακόψειαν
1830 742 1884 805 pro
1907 741 2008 788 ιιιπα-

313 831 469 920 τύψειανς
505 836 630 910 10,11ι
663 833 805 902 ἐπίεσαν
837 854 892 917 οιο
924 831 1086 924 ἐπῄεσανς
1121 835 1247 912 19,15;
1281 830 1485 915 ἀπαγγείλαι
1512 854 1566 918 οιο
1595 829 1786 915 άπαοίλλει.
1834 835 1877 900 Ex
1902 835 2010 918 quibus

312 948 448 1030 plurimis
471 948 612 1030 exemplis
633 948 784 1030 intellegas
806 948 956 1012 librarium
978 949 1088 1014 codicis
1110 949 1177 1031 Cpr.
1200 966 1263 1012 nen
1286 949 1383 1012 solum
1405 949 1604 1030 neglegenter,
1625 949 1680 1012 sed
1701 949 1790 1014 etiem
1804 949 2009 1030 inprudenter

314 1061 401 1125 verbe
423 1061 634 1143 composuisse.
679 1062 781 1144 ltaque
802 1061 965 1124 carendum
989 1069 1045 1136 est,
1067 1061 1163 1125 neiis
1185 1061 1395 1143 loeis,quibus
1418 1061 1526 1126 bonam
1548 1061 1708 1126 lectionem
1730 1061 1819 1126 habet
1834 1061 1912 1144 Cpr,
1933 1062 2009 1126 benc

312 1173 472 1241 lectionem
504 1173 573 1240 uitio
605 1173 738 1240 laborare
766 1183 923 1255 putamus,
957 1175 1025 1257 quie
1054 1175 1085 1238 in
1114 1175 1220 1238 ceteris
1248 1173 1419 1238 melioribus
1447 1173 1598 1238 codicibus
1625 1173 1704 1238 eliud
1731 1173 1875 1256 scriptum
1903 1182 2008 1236 exstat

313 1287 514 1352 Dubitandum
535 1287 617 1352 enim
639 1295 701 1361 est,
724 1304 798 1350 num
821 1287 957 1352 librarius
979 1287 1089 1352 codicis
1112 1287 1179 1370 Cpr.
1203 1295 1264 1352 tam
1286 1287 1419 1370 prudens
1441 1287 1542 1362 tuerit,
1566 1297 1600 1352 ut
1622 1287 1787 1368 elegemem
1809 1287 2009 1352 comesturam

313 1403 411 1466 iacere
436 1407 544 1484 posset
588 1400 631 1464 Eo
658 1399 808 1464 relerendi
833 1409 905 1464 snat
932 1401 963 1466 bi
993 1400 1061 1464 loci:
1092 1400 1121 1476 6,
1137 1400 1171 1466 6:
1201 1393 1300 1474 δόξαι
1322 1396 1439 1486 τούτῳ,
1461 1402 1540 1482 qued
1563 1400 1630 1483 Cpr.
1653 1399 1785 1482 praebet,
1807 1400 1880 1484 pria
1904 1400 2009 1466 medus

313 1513 362 1590 sit,
384 1532 473 1595 quam
494 1504 632 1586 δάξαιτο
654 1505 756 1598 αὐτῷ,
780 1513 859 1596 quod
881 1513 915 1588 b,
936 1521 988 1576 aut
1009 1532 1099 1595 quom
1121 1508 1219 1588 δύξαί
1239 1535 1299 1598 τοι,
1322 1513 1404 1594 qued
1427 1512 1536 1587 Ccorr,
1559 1513 1682 1578 dubium
1704 1531 1768 1576 nen
1789 1521 1845 1576 est.

456 1625 537 1700 8,1:
566 1643 635 1688 cum
657 1625 758 1689 codice
781 1625 846 1709 Cpr.
871 1625 1063 1690 scribendum
1085 1635 1131 1690 est
1151 1619 1233 1711 άνηρ
1257 1628 1388 1711 Πέρσης
1408 1626 1473 1690 τῶν
1494 1621 1582 1710 ἀμφὶ
1609 1625 1718 1709 Κῦρον
1739 1624 1872 1703 πιστὸς,
1894 1635 1926 1689 at
1948 1643 2009 1690 uon

312 1736 377 1802 τάν
404 1732 492 1822 ἀμφί
517 1737 627 1822 Κῦρον
653 1736 791 1806 πιστῶν.
835 1737 868 1802 Si
897 1739 1080 1822 reputaveris
1107 1738 1337 1822 Xenophontem
1366 1739 1398 1804 iu
1426 1739 1521 1821 eapite
1537 1737 1587 1804 vtl
1620 1757 1758 1802 οοιιεεεο
1780 1739 1886 1822 Cyrum
1910 1739 2009 1801 anime

312 1858 376 1916 tum
399 1851 459 1916 buc
479 1859 544 1914 tum
567 1850 637 1916 illuc
657 1851 829 1926 fluctuasse,
856 1851 928 1934 qnid
949 1870 1001 1916 rex
1022 1855 1153 1918 facturus
1174 1863 1267 1927 esset,
1296 1851 1442 1916 concedes
1464 1851 1623 1916 lectionem
1645 1853 1766 1926 πιστάς
1786 1851 2007 1934 praeterendum

312 1983 388 2028 esse.
433 1963 507 2026 llam
534 1963 625 2046 Cyrus
654 1983 723 2030 cem
752 1964 862 2028 iterum
890 1971 921 2028 et
946 1965 1064 2047 saepius
1089 1974 1239 2048 sperasset
1265 1983 1366 2047 regem
1394 1984 1498 2030 secum
1528 1983 1599 2028 mex
1620 1965 1682 2028 acie
1702 1964 1910 2030 dimiceturum
1932 1983 2008 2040 esee,

311 2077 414 2143 Silene
445 2083 509 2140 rate
538 2077 674 2142 constuite
702 2095 801 2157 regem
833 2077 989 2142 consilium
1018 2079 1169 2161 pugnandi
1193 2077 1335 2144 abiecisse
1364 2089 1445 2142 ratus
1467 2079 1525 2142 iem
1546 2078 1748 2158 neglegentius
1769 2078 2010 2160 proficiscebatur

311 2207 480 2272 paucosque
507 2196 577 2252 ante
602 2209 636 2254 se
665 2189 827 2254 instructos
854 2189 996 2264 babebat,
1024 2209 1092 2256 cem
1112 2191 1212 2256 subito
1235 2191 1376 2274 Patogpas
1398 2191 1538 2256 aduectus
1560 2199 1606 2256 est
1627 2191 1757 2256 clamans
1778 2209 1880 2273 regem
1904 2209 2008 2272 megae

311 2321 381 2369 cum
403 2302 532 2380 exercitu
553 2302 713 2368 aduentare
735 2311 888 2386 umquam
910 2304 947 2368 ιδ
969 2303 1116 2385 proelium
1138 2305 1386 2370 committendum
1407 2313 1551 2387 paratum.
1591 2303 1698 2368 Nonne
1711 2305 1850 2368 concedis
1866 2305 2009 2389 aptiorem

312 2415 360 2480 bic
380 2415 539 2482 lectionem
561 2434 629 2480 esse
650 2415 857 2496 dignissimum
879 2416 963 2480 illum
984 2417 1141 2499 Prtagpam
1163 2417 1265 2493 inisse,
1287 2417 1336 2480 cui
1357 2417 1429 2480 fides
1451 2415 1632 2482 baberetur?

454 2527 567 2614 Eodem
582 2528 672 2592 medo
695 2526 725 2602 8,
741 2528 777 2591 3:
801 2525 963 2606 ἐνεδύετο,
987 2531 1067 2612 qnod
1088 2531 1232 2613 scriptum
1254 2537 1349 2594 exstat
1371 2531 1403 2594 in
1425 2531 1501 2594 libro
1516 2531 1595 2613 Cpr,
1610 2531 1790 2596 serrandum
1807 2539 1861 2596 est.
1897 2531 2009 2594 Eodem

312 2641 391 2704 enim
414 2645 509 2704 iorma
533 2641 626 2704 utitur
640 2639 806 2723 Xenophon
820 2642 893 2705 Hell.
909 2643 969 2720 llll,
984 2643 1014 2720 2,
1029 2644 1085 2706 tt:
1109 2639 1143 2708 ei
1165 2641 1227 2727 plu
1250 2639 1369 2720 ἱππετς
1390 2641 1464 2719 τούς
1486 2640 1644 2728 δούρατος
1666 2639 1838 2708 ἐνεδύοντο
1861 2652 1892 2708 et
1906 2645 2008 2727 Cprep.

311 2753 358 2830 Vl,
373 2755 403 2830 4,
419 2753 455 2816 2:
478 2750 557 2821 ἐπεί.
575 2749 723 2836 δ’ἔηιελλε
744 2753 802 2820 τόν
823 2753 938 2822 λινοῦν
958 2753 1111 2841 δούρατα,
1134 2750 1170 2831 te
1192 2753 1370 2842 ἐπιχώριος
1391 2751 1432 2841 ἦν
1452 2751 1578 2834 αὐτοῖς,
1601 2753 1794 2822 ἐνδύεσθαι.

454 2865 484 2942 8,
502 2865 556 2929 19:
578 2863 759 2943 διίσταντο,
782 2869 862 2950 qued
884 2871 919 2943 Α,
941 2869 973 2944 B,
996 2869 1075 2952 Cpr,
1096 2870 1203 2934 melius
1224 2879 1271 2936 est
1292 2889 1380 2950 quom
1403 2873 1554 2946 ίσταντο,
1578 2869 1704 2952 quedl)
1727 2879 1758 2932 et
1779 2869 1869 2933 ceteri
1890 2869 2008 2932 hebent

454 2979 484 3055 9,
502 2981 556 3044 17:
580 2979 701 3062 praebet
715 2981 782 3063 Cpr.
805 2979 861 3049 secl
882 2979 945 3067 γάρ
968 2981 1145 3068 στρατηγοί
1167 2981 1225 3046 ναί
1246 2979 1393 3064 λοχαγοί,
1417 2985 1453 3046 oi
1471 2977 1647 3067 χρημάτων
1669 2985 1764 3046 ἕνεκα
1785 2981 1870 3061 πρὸς
1884 2979 2010 3048 ἐκεῖνον

312 3089 486 3170 ἔπλευσαν,
514 3089 663 3172 ἔγνωσαν
686 3091 946 3178 κερδαλεώτερα
967 3095 1055 3162 είναι
1082 3093 1159 3172 ιιτλ’,
1187 3097 1279 3160 ceteri
1306 3119 1336 3160 τ.
1357 3119 1386 3175 r.
1410 3111 1479 3180 στρ.
1501 3118 1530 3159 ν.
1552 3093 1621 3175 dex.
1650 3089 1689 3160 ori
1716 3090 1891 3179 χρημάτων
1917 3097 2010 3160 tersa

311 3204 396 3291 πρὸς
417 3203 543 3270 ἐκεῖνον
572 3202 736 3271 ἔπλευσαν
768 3203 838 3272 ἀλλ’
866 3205 943 3274 ἐπεὶ
975 3205 1123 3288 ἔγνωσαν
1155 3206 1414 3294 κερδαλεώτερον
1447 3209 1534 3274 είναι
1567 3206 1643 3273 κτλ.
1696 3209 1826 3290 Apparet
1856 3209 1913 3272 bec
1945 3209 2010 3272 loeo

312 3319 445 3402 primum
474 3327 673 3384 correctorem
700 3320 827 3403 aliquem
857 3320 981 3386 uerbum
1009 3325 1046 3386 et
1069 3321 1174 3386 vitiose
1201 3322 1366 3404 scripsisse,
1394 3331 1459 3386 tum
1487 3323 1612 3386 alterum
1639 3321 1811 3393 inseruisse,
1834 3329 1868 3384 nt
1888 3339 2011 3386 sensum

312 3433 494 3508 restitueret,
518 3432 604 3495 verba
626 3427 695 3496 ἀλλ’
718 3430 803 3508 ἐπεί,
837 3451 913 3516 quae
946 3453 1015 3500 cum
1048 3434 1139 3500 uerbo
1173 3430 1212 3500 οὗ
1247 3453 1371 3498 sensum
1403 3433 1588 3517 probabilem
1609 3452 1672 3498 non
1696 3433 1836 3517 praebere
1858 3433 2010 3498 ltebdsutu

312 3547 344 3628 (l
366 3547 385 3610 1.
408 3565 438 3628 p.
460 3545 493 3623 6)
515 3545 587 3610 satis
608 3546 770 3628 prudenter
791 3537 1012 3612 demonstravit.

455 3655 485 3734 9,
501 3657 559 3724 27:
581 3658 748 3742 praeferam
770 3651 908 3724 δύναιτο
941 3659 1062 3724 lectioni
1095 3657 1232 3728 ἐδύνατο
1265 3677 1334 3724 cum
1368 3659 1551 3724 Rebdantzie
1584 3665 1671 3740 atque
1699 3658 1811 3739 llugie·,
1846 3660 2011 3741 optativum

313 3766 450 3839 δύναιτο
472 3781 575 3838 natum
598 3792 665 3836 esse
686 3781 809 3856 prepter
830 3773 997 3856 proximum
1020 3773 1082 3856 εἴη,
1116 3782 1149 3836 ut
1180 3774 1303 3838 adnotat
1325 3773 1520 3838 Breitenbaclr
1552 3772 1588 3836 ad
1611 3773 1692 3836 bunc
1719 3773 1831 3847 lecum,
1868 3773 1923 3836 tibi
1949 3789 2013 3836 uon

313 3886 516 3968 persuadebis,
549 3887 574 3950 si
607 3886 772 3968 respexeris
806 3887 939 3968 exempla
974 3885 1162 3960 mendorum,
1195 3905 1270 3968 quae
1304 3886 1399 3966 attuli,
1432 3897 1463 3950 et
1496 3885 1596 3950 animo
1630 3885 1824 3967 perpenderis
1858 3885 2013 3950 librarium

315 3997 425 4062 codicis
448 3998 514 4081 Cpr.
538 3999 708 4062 stultiorem
723 3998 827 4074 luisse,
842 4017 931 4080 quem
948 4007 981 4062 nt
994 4007 1057 4064 tam
1072 3998 1212 4062 subtilem
1235 4006 1266 4062 et
1280 4008 1414 4080 argutum
1429 3999 1596 4064 orationem
1618 4017 1671 4062 sua
1686 4006 1795 4080 sponte
1810 4005 2013 4080 componeret.

458 4110 570 4176 Eodem
593 4112 684 4176 mede
707 4129 776 4176 cum
791 4111 858 4192 Cpr.
881 4111 912 4188 9,
927 4109 968 4176 28
991 4112 1124 4192 recipere
1149 4111 1234 4175 uelim
1256 4121 1360 4176 centra
1381 4111 1561 4176 recentiores
1583 4111 1712 4176 editores
1734 4110 1766 4174 εί
1786 4107 1825 4174 el
1847 4107 1888 4194 δη
1911 4105 2014 4174 ὁπότε

314 4220 496 4308 πορεύοντο
519 4222 576 4286 καί
598 4223 754 4290 πλεῖστοι
774 4219 928 4306 μέλλοιεν
951 4221 1123 4309 ὄψεσθαι,
1154 4222 1352 4306 προσκαλῶν
1373 4221 1450 4298 τούς
1472 4221 1593 4308 φίλους
1621 4221 1948 4304 ἐσπουδαιολογείτο,
1970 4217 2014 4296 ὥς

314 4334 431 4420 δηλοίη
455 4330 512 4414 οὓς
533 4335 625 4419 τιμά.
668 4337 712 4400 Ad
742 4354 831 4418 quem
859 4337 956 4400 locum
985 4337 1042 4400 boc
1072 4337 1161 4400 mede
1188 4338 1361 4402 restitutum
1391 4337 1542 4418 eleganter
1571 4337 1772 4404 edmundum
1801 4337 1954 4400 Rebdentz
1981 4335 2015 4398 in

313 4449 527 4514 commentario
550 4448 687 4512 editionis
710 4449 781 4514 satis
802 4449 964 4532 probabilia
986 4450 1092 4514 attulit

460 4563 509 4638 10,
525 4564 559 4626 5:
584 4580 652 4627 cum
666 4561 904 4638 Breiteebacbio,
925 4562 1031 4644 ldugie,
1055 4563 1239 4626 liebdantzio
1261 4561 1426 4644 praeferam
1450 4557 1536 4626 ἔνθα
1558 4557 1609 4646 δη,
1631 4563 1711 4644 quod
1733 4562 1766 4624 ia
1788 4562 1856 4643 Cpr.
1871 4561 2014 4641 seriptum

316 4683 422 4750 exstet,
443 4675 563 4742 lectioni
584 4671 735 4740 derasidas
757 4671 798 4758 δη“
821 4675 901 4757 qnod
921 4676 1028 4758 reliqui
1056 4675 1123 4738 libri
1153 4686 1183 4740 et
1210 4675 1308 4740 Coerr.
1331 4674 1479 4757 praebeat
1518 4678 1555 4739 ci.
1577 4675 1601 4750 l,
1617 4674 1648 4750 8,
1663 4674 1699 4738 2:
1728 4672 1815 4740 ἔνθα
1841 4671 1883 4757 δη
1909 4670 2014 4746 πολύς

312 4785 454 4874 τάραχος
468 4786 606 4868 ἐγένετο,
628 4787 651 4864 Ι,
667 4787 696 4862 8,
711 4787 749 4850 4:
771 4783 858 4852 ἔνθα
876 4785 918 4873 δὴ
941 4785 1001 4854 σύν
1014 4786 1123 4879 πολλῇ
1139 4786 1272 4879 σπονδῇ
1286 4789 1503 4864 καθίσταντο,
1525 4789 1548 4866 l,
1564 4787 1595 4863 8,
1609 4788 1664 4852 24:
1689 4784 1777 4852 ἔνθα
1791 4779 1832 4872 δὴ
1848 4785 1962 4870 Κύρος
1972 4821 2014 4834 -

315 4896 443 4986 ἐλαύνει
466 4896 588 4978 ἀντίος,
610 4900 768 4976 11,1,10:
790 4897 878 4966 ἔνθα
899 4898 940 4984 δη
964 4891 1166 4986 άπειιρίνατο
1192 4896 1348 4983 Κλεάνωρ
1370 4911 1401 4964 et
1423 4901 1549 4982 saepius.

461 5013 792 5089 lentescentem
826 5013 1012 5078 liebdantzio
1047 5023 1077 5078 ct
1109 5015 1287 5080 Sebenlrclie
1314 5013 1452 5077 existimo
1474 5013 1511 5078 de
1532 5011 1658 5078 lectione
1680 5009 1890 5093 προσιόντας,
1924 5029 2014 5095 quem

315 5126 380 5210 Cpr.
404 5126 484 5190 aelus
506 5125 633 5201 exbibet,
666 5127 816 5202 servmda,
852 5145 913 5192 nen
948 5127 1149 5194 amedendum
1183 5129 1219 5194 de
1251 5129 1316 5192 lece
1348 5125 1580 5208 interpretando.
1634 5125 1785 5190 Rebdeute
1807 5125 1888 5192 euim
1919 5125 2014 5190 inter-

315 5247 448 5324 pretatur
468 5235 670 5324 προσιόντας
692 5240 892 5310 accusativum
915 5260 981 5306 esse
1001 5241 1179 5316 absolutum,
1202 5240 1331 5306 Scbeuld
1354 5239 1434 5304 delet
1454 5237 1525 5312 nul,
1555 5247 1588 5304 ut
1608 5241 1790 5306 aecusativus
1811 5233 2014 5326 προσιόντας
