4526 5848
1052 348 1248 411 ,8-

450 517 479 598 2,
498 524 528 584 l:
552 514 697 604 λαβόντα
717 523 794 596 τούς
816 518 935 597 ἄλλους
956 523 1057 587 alienis
1079 523 1174 587 verbis
1208 526 1405 588 adulteratum
1440 545 1505 588 esse
1528 525 1677 588 llindoriio
1699 526 1756 602 (ed.
1779 523 1860 606 Lips.
1876 545 1905 606 p.
1921 523 2000 608 XIX)

308 633 443 696 assentiri
467 651 528 697 non
550 654 684 716 possum,
705 636 881 717 praesertim
904 655 971 700 cum
995 637 1061 716 llug
1082 637 1236 700 confirmet
1257 639 1318 702 suis
1341 659 1374 700 se
1396 639 1488 702 oculis
1518 639 1548 700 in
1572 637 1672 702 codiee
1695 637 1761 719 Cpr.
1783 637 1890 718 legisse
1913 637 1999 700 verba

308 743 453 827 λαβόντα
473 745 551 822 τούς
573 743 700 822 ἄλλους,
723 767 798 830 quae
821 747 906 812 verba
929 749 1016 812 edam
1040 750 1070 812 in
1093 751 1193 814 codice
1214 751 1238 812 n
1260 759 1339 814 sunt.

451 858 554 932 218:
578 869 623 923 est
645 861 676 923 in
702 863 802 924 codice
844 862 909 942 Cpr.
944 869 974 924 ei
1006 861 1029 924 D
1062 859 1120 926 έπλ
1143 863 1199 947 τῆς
1232 854 1440 948 ἁρμαμάξης,
1474 863 1505 926 in
1528 863 1635 925 ceteris
1658 859 1693 924 dx
1715 861 1771 946 τῆς
1792 855 1999 946 ἁρμαμάξης.

311 971 479 1036 nindortus
502 971 597 1036 Onon.
620 993 648 1055 p.
671 973 708 1035 Vl
729 975 890 1055 repetitum
913 993 977 1037 esse
999 971 1035 1036 ἐκ
1058 993 1092 1036 ex
1115 977 1258 1057 proximis
1283 977 1378 1038 verbis
1400 970 1436 1039 έκ
1458 976 1514 1059 τῆς
1536 970 1657 1059 ἀγορᾶς
1679 991 1747 1036 vere
1768 975 1887 1038 iudicat.
1924 976 1999 1040 Nam

310 1085 456 1148 sententia
480 1085 637 1148 verborum
660 1087 732 1150 haec
753 1094 813 1148 ast:
837 1087 933 1149 Etiam
956 1087 1068 1160 Cilissa,
1091 1104 1259 1170 quanquam
1283 1089 1470 1152 harmamara
1500 1088 1563 1150 eius
1593 1097 1733 1169 quattuor
1760 1089 1835 1150 rotis
1858 1089 1999 1152 instructa

308 1199 341 1260 ad
364 1197 539 1279 iuglandum
562 1217 624 1260 non
646 1200 718 1261 satis
739 1199 844 1262 idonea
867 1209 939 1272 erat,
960 1207 1060 1263 tamen
1082 1201 1211 1282 fugiebat
1232 1210 1262 1264 et
1284 1201 1408 1264 vehiculi
1433 1201 1510 1264 mole
1531 1201 1649 1264 turbam
1672 1201 1823 1263 sorensem
1850 1201 1977 1282 brgabat

450 1311 479 1384 3,
498 1312 529 1373 1;
564 1307 718 1394 ἄρξαιντο
752 1311 864 1374 habent
885 1311 908 1374 tt
931 1322 962 1376 et
983 1313 1049 1394 Cpr.
1084 1313 1132 1390 (de
1164 1315 1291 1377 lectione
1323 1315 1431 1377 codicis
1463 1314 1529 1396 Cpr.
1558 1318 1595 1376 ci.
1618 1313 1685 1392 llug
1718 1315 1931 1376 commentatio
1963 1315 2002 1379 dc

307 1422 443 1505 Xenopb.
473 1423 564 1486 Anah.
612 1424 710 1486 Turici
742 1423 823 1487 1878
852 1443 881 1505 p.
906 1423 945 1488 12
980 1433 1011 1488 et
1032 1443 1110 1506 spec.
1133 1425 1248 1508 lithogr.
1272 1426 1314 1506 λ),
1348 1445 1424 1508 quae
1458 1427 1544 1489 lectio
1579 1426 1770 1508 praeferenda
1803 1436 1849 1489 est
1881 1429 2000 1496 lectioni

309 1531 428 1618 ἤρξατο
461 1543 628 1600 ceterorum
660 1537 813 1613 codicum3
844 1538 944 1618 itaquo
976 1538 1129 1601 Rebdanta
1168 1540 1280 1620 primus
1313 1540 1425 1620 recepit
1459 1534 1624 1621 ἄρξαιντο.
1680 1538 1772 1600 Verba
1812 1540 1891 1602 enim
1925 1538 2000 1606 ἐπεὶ

307 1644 460 1731 ἄρξαιντο
483 1649 664 1729 significant:
697 1651 932 1732 quotiescunque
955 1652 1113 1732 procedere
1135 1652 1314 1732 incipiebant
1336 1651 1506 1731 (Clearchus
1527 1651 1651 1733 eiusque
1666 1652 1821 1734 iumenta).
1860 1653 1999 1734 Optativo

306 1761 451 1836 iterativo,
475 1762 526 1843 qui
547 1763 659 1843 optime
682 1781 751 1826 cum
773 1763 947 1844 imperfecto
971 1760 1109 1844 ἔβαλλον
1129 1765 1280 1836 convenit,
1309 1765 1543 1840 demonstratur,
1572 1783 1629 1845 qua
1658 1766 1819 1845 pertinacia
1843 1765 2000 1830 Clearchus

309 1874 410 1955 egerit,
433 1893 521 1955 quem
545 1875 655 1938 durum
676 1894 796 1958 semper
819 1883 850 1938 at
870 1895 988 1939 saevum
1011 1877 1102 1939 luisse
1124 1877 1292 1958 Xenophon
1315 1878 1392 1940 inira
1414 1877 1462 1957 (ll,
1485 1878 1514 1952 6,
1541 1877 1591 1954 12)
1614 1885 1769 1940 memorat.

450 1987 480 2060 3,
496 1989 529 2050 2:
553 1985 689 2072 ἐξέφυγε
712 1987 755 2072 μη
778 1988 1079 2074 καταπετρωθῆναι
1103 2007 1170 2053 cum
1194 1991 1295 2053 codice
1318 1991 1383 2072 Cpr.
1414 1999 1445 2052 et
1466 1990 1490 2051 ll
1513 1990 1660 2072 praeferas
1683 1991 1801 2052 lectioni
1824 1999 1999 2066 ceterorum,

307 2103 331 2165 si
353 2101 521 2176 contuleris,
545 2102 623 2181 quod
638 2101 790 2164 llehdantz
806 2103 835 2164 in
851 2103 982 2165 editione
1004 2121 1056 2165 sua
1072 2103 1106 2164 ad
1124 2103 1172 2178 lll‚
1188 2105 1217 2178 5,
1237 2105 1272 2165 11
1290 2103 1384 2165 affert.
1400 2103 1577 2165 lluehnerus
1600 2103 1632 2165 in
1648 2103 1843 2166 Grammatico
1860 2108 1877 2178 ς
1893 2104 1964 2178 479,
1982 2105 1997 2164 1

307 2213 466 2278 lectionem
490 2214 671 2276 deteriorum
694 2214 839 2288 codicum,
874 2215 910 2276 de
943 2233 1001 2295 qua
1035 2215 1161 2278 dubitari
1191 2217 1295 2279 saltem
1328 2223 1436 2298 potest,
1471 2215 1503 2277 in
1526 2233 1653 2278 numero
1676 2217 1876 2297 exemplorum
1899 2217 1999 2295 refert,

307 2346 363 2410 qua
386 2327 416 2390 in
438 2346 470 2389 re
492 2326 549 2390 iam
573 2344 662 2408 supra
686 2328 726 2408 (p.
751 2329 782 2404 7)
806 2327 993 2390 offendimus.

450 2438 479 2512 3,
495 2437 531 2500 3:
553 2439 617 2519 Cpr.
650 2445 680 2501 et
702 2438 725 2501 l)
755 2439 866 2502 habent
886 2439 1073 2522 κατεθέμην
1095 2437 1171 2522 ἐμοὶ
1194 2433 1280 2520 οὐδὲ,
1304 2441 1393 2503 ceteri
1416 2439 1602 2523 κατεθέμην
1623 2437 1697 2522 λμολ
1718 2435 1789 2502 ἄλλ’
1810 2435 1895 2503 οὐδὲ.
1932 2439 2001 2502 Non

307 2551 372 2614 sine
394 2569 480 2614 causa
501 2551 697 2614 ttrettenbaet
720 2559 821 2614 censet
843 2551 1000 2615 absurdam
1024 2553 1202 2615 sententiam
1226 2571 1306 2615 esse:
1331 2571 1390 2615 non
1412 2553 1443 2614 in
1466 2553 1656 2615 commodum
1677 2571 1777 2614 meum
1801 2553 1883 2626 verti,
1906 2553 2000 2618 immo

305 2662 374 2743 (seu
396 2667 543 2744 proiecto)
565 2683 605 2727 ne
625 2683 678 2744 per
701 2665 882 2745 voluptatem
905 2666 1025 2746 quidem
1048 2664 1209 2747 absumpsi.
1253 2665 1414 2728 Dicendum
1438 2676 1519 2728 certe
1540 2665 1645 2728 fuisse:
1669 2661 1708 2729 cai
1723 2661 2001 2748 καθηδυπάθησα

306 2769 375 2839 ἀλλ’
399 2767 477 2840 odda*
499 2777 547 2850 sig
568 2775 607 2840 τὸ
629 2774 719 2840 ἴδιον
741 2774 928 2860 κατεθέμην
950 2775 1034 2860 spol.
1091 2778 1209 2840 Omissa
1241 2771 1308 2840 ἄλλ’
1342 2797 1396 2860 pro
1426 2777 1551 2860 simplici
1579 2797 1667 2860 mque
1690 2779 1779 2859 accipi
1803 2795 1890 2859 posse
1913 2771 1999 2840 aaut.

308 2889 436 2952 Verbum
459 2883 531 2952 ἄλλ’
555 2909 591 2952 ex
612 2890 755 2970 proximis
779 2885 849 2952 ἄλλ’
872 2889 920 2964 εἰς
942 2885 1026 2972 ὑμᾶς
1047 2891 1206 2971 repetitum
1229 2911 1293 2954 esse
1315 2891 1399 2954 facile
1421 2891 1607 2971 intellegitur.
1964 2960 1967 2969 ¹

451 3001 479 3076 3,
505 3001 557 3064 16:
579 3001 638 3067 τόν
660 2998 779 3067 στόλον
804 3004 835 3066 in
858 3003 1007 3066 codicibus
1028 3003 1062 3078 ll,
1086 3003 1161 3084 Cpr,
1184 3004 1216 3076 Α,
1238 3003 1262 3064 Β
1285 3011 1341 3067 est.
1386 3004 1481 3066 Ceteri
1502 3004 1663 3066 absurdum
1687 2993 1807 3066 στόλον
1828 3001 1949 3064 babent.

451 3115 486 3176 ln
509 3116 612 3179 eadem
634 3116 818 3197 paragrapho
840 3125 909 3178 ante
938 3116 1141 3198 ποιουμένου
1169 3116 1312 3180 omittunt
1338 3117 1405 3197 Cpr.
1434 3123 1464 3178 et
1484 3115 1508 3176 D
1531 3113 1593 3199 μή,
1621 3116 1701 3196 quod
1728 3116 1758 3177 in
1785 3115 1891 3178 ceteris
1918 3113 2002 3176 libris

307 3227 449 3308 scriptum
473 3235 575 3292 exstat.
619 3228 782 3290 halendum
805 3247 870 3291 esse
892 3227 936 3311 μὴ
962 3229 1022 3290 mm
1051 3227 1255 3309 llruegerus1)
1284 3229 1330 3290 bis
1353 3228 1448 3290 verbis
1471 3228 1616 3290 ostendit:
1651 3221 1784 3310 ,ὥσπερ
1813 3223 1917 3290 πόλιν
1942 3221 2003 3289 τόν

308 3337 425 3404 στόλον
447 3335 558 3422 Κόρου
588 3338 632 3426 μή
662 3342 874 3422 ποιουμένου.
919 3341 1028 3402 Weislr.
1059 3342 1285 3422 interpretatur:
1315 3341 1418 3421 „quasi
1448 3341 1540 3421 Cyrus
1567 3359 1628 3402 non
1655 3349 1736 3402 retro
1763 3341 1819 3402 iter
1846 3356 1901 3421 par
1922 3357 2005 3407 utare

307 3454 439 3516 tacturus
461 3453 509 3516 sit.
553 3453 710 3526 Nimirum,
745 3453 851 3534 inquit,
885 3453 984 3526 iidem,
1018 3453 1070 3535 qui
1093 3453 1217 3517 navibus
1240 3455 1275 3516 ad
1298 3453 1397 3534 ipsum
1419 3462 1580 3531 venerunt,
1616 3452 1739 3515 navibus
1771 3453 1895 3516 redituri
1921 3463 2001 3526 sunt,

308 3564 381 3627 adeo
404 3575 439 3626 ut
458 3566 522 3647 ipse
544 3565 590 3628 bis
612 3565 737 3628 navibus
761 3571 875 3644 ageat“
929 3565 1007 3628 llaec
1038 3567 1130 3645 igitur
1159 3566 1312 3647 explicatio
1352 3573 1500 3628 oratorem
1528 3567 1700 3646 opinantem
1730 3565 1814 3640 iacit,
1849 3566 1873 3628 si
1901 3565 2003 3630 Graeci

307 3675 468 3750 abiissent,
514 3697 570 3740 nec
597 3677 704 3758 Cyrum
748 3679 805 3739 iter
848 3687 1055 3758 perrecturum
1094 3697 1158 3741 esse
1195 3680 1273 3758 quod
1315 3687 1393 3740 recte
1431 3679 1509 3740 sumi
1546 3677 1713 3758 probaverit
1750 3677 1854 3758 aliquis
1890 3677 2002 3738 verbis:

311 3779 338 3872 qi
371 3785 607 3871 λυμαινόμεθα
640 3787 699 3875 τὴν
734 3787 867 3874 πρᾶξιν,
901 3809 975 3872 quae
1005 3791 1124 3871 quidem
1165 3811 1180 3852 a
1214 3791 1284 3853 viris
1320 3790 1412 3854 doctis
1446 3799 1675 3852 convertuntur:
1714 3790 1817 3864 „cuius
1849 3789 2003 3872 inceptum

307 3902 424 3964 irritum
447 3902 631 3975 reddimus“,
654 3903 776 3982 (dessen
797 3903 1021 3966 Unternebmen
1044 3903 1088 3964 sie
1110 3903 1244 3965 vereitelt
1264 3905 1377 3965 hatten.
1421 3902 1540 3982 Halbk.)
1595 3905 1632 3964 nt
1666 3921 1727 3964 non
1760 3902 1810 3962 hic
1843 3901 2004 3963 verborum

308 4031 413 4076 sensus
437 4023 491 4089 est,
514 4015 566 4077 sed
589 4015 703 4096 potius:
726 4015 809 4078 cuius
833 4015 1014 4096 expeditioni
1043 4015 1193 4096 copiarum
1219 4025 1302 4096 parte
1332 4016 1459 4078 detracta
1489 4033 1641 4076 nocemus.
1685 4013 1746 4075 Nec
1767 4013 1885 4094 deCyri
1905 4012 2005 4076 reditu

306 4145 338 4190 sa
362 4128 510 4208 cogitasse
543 4147 578 4190 eo
612 4128 756 4208 significat
788 4137 898 4202 orator,
931 4129 1009 4209 quod
1045 4147 1103 4209 quo
1136 4128 1185 4190 ille
1217 4128 1340 4190 consilio
1371 4127 1587 4208 expeditionem
1623 4125 1785 4207 susceperit
1814 4145 1847 4186 se
1868 4125 2003 4204 ignorare

307 4239 427 4301 simulat
449 4243 467 4314 8
493 4238 531 4301 18
553 4261 577 4302 s.
621 4240 694 4303 Nam
717 4242 743 4303 si
765 4242 856 4322 Cyrus
878 4259 939 4302 nou
962 4242 997 4304 ad
1019 4259 1119 4320 regem
1144 4241 1346 4303 debellandum
1370 4240 1620 4322 proficiscebatur,
1649 4239 1696 4300 vix
1716 4239 1786 4300 satis
1808 4257 1915 4300 causae
1937 4257 2004 4300 esse

307 4359 440 4433 poterat,
462 4369 515 4414 cur
537 4371 553 4413 a
577 4351 694 4416 Graecis
718 4355 852 4416 desertus
875 4362 1081 4416 reverteretur.
1127 4356 1168 4416 llc
1189 4355 1214 4416 si
1236 4354 1343 4434 Cyrum
1367 4369 1555 4416 reversurum
1583 4371 1646 4413 esse
1669 4351 1770 4414 Graeci
1797 4349 2003 4430 sumpsissent,

308 4465 385 4528 baud
409 4464 497 4528 dubie
520 4465 626 4545 aliquis
649 4475 682 4527 ut
703 4484 762 4528 una
785 4485 852 4528 cum
876 4466 940 4546 ipso
961 4473 1181 4528 reverterentur
1202 4467 1352 4529 suasisset.
1397 4467 1499 4545 ltaque
1528 4465 1575 4526 hic
1602 4483 1710 4526 seusus
1738 4463 1777 4524 sit
1800 4479 1919 4524 necesse
1943 4471 2003 4524 est:

308 4582 392 4660 qnasi
406 4577 500 4658 Cyme
513 4579 661 4640 redituras
675 4580 720 4640 vel
735 4582 790 4640 iter
803 4597 862 4640 non
875 4590 1058 4660 perrecturus
1075 4579 1211 4654 (ideoque
1227 4597 1288 4642 non
1301 4578 1365 4659 ipse
1380 4577 1503 4640 navibus
1519 4596 1593 4658 opus
1609 4575 1776 4652 habiturus)
1792 4585 1870 4636 esset.
1885 4576 1916 4636 ll.
1931 4575 1961 4652 4,
1974 4575 2005 4636 t.

309 4691 369 4754 Sed
397 4709 464 4753 urm
495 4687 599 4754 πόλιν
627 4709 724 4771 neque
754 4693 883 4772 duncepa
913 4710 978 4753 esse
999 4693 1110 4772 possit,
1141 4692 1392 4772 quemadmodum
1414 4689 1608 4752 Leonclavius
1632 4689 1735 4760 vertit,
1763 4703 1861 4766 neque
1879 4687 2003 4768 posthoc,

309 4803 562 4884 quemadmodum
596 4803 734 4876 Zeunius,
767 4812 819 4866 aut
850 4805 907 4866 boc
941 4802 1116 4866 vocabulum
1149 4815 1200 4866 aut
1232 4802 1277 4888 μὴ
1311 4804 1427 4866 videtur
1460 4787 1626 4864 eiciendum
1662 4817 1736 4860 esse.
1787 4797 1932 4878 Equidem
1959 4795 2003 4880 μη

310 4916 520 4992 damnaverim,
558 4936 626 4980 cum
660 4917 685 4978 si
719 4911 823 4981 πόλιν
855 4935 871 4977 a
905 4915 1104 4998 Xenophonte
1136 4935 1198 4978 non
1231 4919 1396 4997 proiectum
1428 4925 1521 4988 esset,
1554 4912 1776 4976 collocationem
1806 4914 1904 4994 potius
1927 4911 2006 4972 banc

311 5039 526 5108 exspectarem:
555 5022 667 5113 ὥσπερ
696 5029 741 5112 μη
772 5030 975 5112 ποιουμένου
997 5027 1055 5092 τόν
1076 5020 1196 5092 στόλον
1217 5051 1245 5091 κ.
1291 5029 1446 5104 Quomodo
1474 5026 1546 5088 illud
1577 5033 1675 5088 ortum
1697 5025 1736 5086 sit
1757 5023 1841 5086 facile
1864 5022 2004 5103 explicari

443 5275 466 5342 ¹)
483 5272 594 5342 litiger,
613 5274 649 5326 llo
666 5275 798 5328 anthenio
817 5283 844 5328 ot
861 5275 1013 5340 integritate
1030 5273 1169 5326 anabusns
1186 5271 1393 5340 Xenophontem.
1428 5269 1501 5323 liclia
1518 5268 1644 5320 monum
1663 5267 1739 5320 1881.
1774 5265 1895 5334 μθῦιη.
