4526 5848
1022 285 1221 348 ..5-

697 459 764 542 Cpr.
786 459 819 522 D.
1289 461 1371 526 Varia
1395 461 1479 524 lectio
1503 461 1662 542 (imprimis
1684 461 1809 540 Coeunt:

331 575 362 648 5,
385 572 421 634 3:
446 569 488 646 uic
510 569 664 654 πέρδικες
1232 568 1342 655 (ὅσπερ
1364 571 1517 655 πέρδικες

332 691 362 762 5,
386 689 422 749 5:
445 685 540 768 παρὰ
562 683 619 749 cdv
641 679 813 770 Εὐφράτην
835 681 988 768 ποταμὸν
1231 685 1286 750 ets
1305 681 1407 768 Εὐφρ.
1430 681 1582 767 ποταμόν

332 803 362 876 5,
385 803 419 862 7:
442 799 522 878 roris
1230 797 1329 876 γλοὸν

333 914 362 988 5,
385 913 418 976 9:
441 907 508 998 ὅσῳ
531 905 612 994 (ὅσω
636 910 715 992 Cpr.)
738 909 864 976 θάττον
886 908 984 974 ἔλθοι
1232 905 1299 996 ὅσῳ
1322 908 1382 992 μὲν
1403 906 1445 974 άν
1465 910 1594 974 θάττον
1616 907 1714 974 ἔλθοι

332 1028 361 1100 5,
385 1023 418 1084 9:
439 1025 477 1110 τῇ
501 1021 552 1107 (roi
573 1025 653 1105 Cpr.)
677 1022 839 1104 βασιλέως
862 1020 943 1113 ἀρχῇ
965 1018 1060 1108 (ἀρχῆ
1082 1024 1162 1105 Cpr.)
1231 1019 1427 1106 ἡβασιλέας
1443 1018 1523 1106 άρχὴ
1541 1024 1592 1103 td:
1606 1021 1665 1086 τοῦ
1681 1025 1757 1105 βασ.
1770 1017 1864 1107 ἀρχὴ)

333 1139 362 1210 6,
386 1136 421 1200 2:
444 1131 532 1220 αὐτῷ
556 1131 655 1214 (αὐτῶ
678 1137 758 1218 Cpr.)
781 1135 856 1220 δοίη
1233 1135 1263 1198 ελ
1285 1130 1373 1220 crispi
1395 1133 1470 1218 dcte]

334 1249 362 1324 6,
386 1251 418 1310 2:
443 1245 586 1322 πολλοὺς
608 1245 717 1312 αὐτῶν
738 1244 849 1313 άνέλοι
873 1249 952 1330 (Hug
974 1249 1043 1328 legit
1063 1249 1096 1312 iu
1111 1249 1177 1330 Cpr.
1233 1245 1376 1322 πολλοὺς
1397 1243 1508 1312 atreo
1529 1243 1598 1312 έλοι

433 1357 475 1426 ἂν
497 1357 578 1437 dios)

333 1475 362 1550 6,
386 1477 423 1536 4:
447 1468 575 1556 περσάς
596 1474 620 1536 Ι)
643 1475 728 1558 πέρσ
741 1520 748 1535 .
762 1519 793 1537 ..
815 1474 881 1556 Cpr.
1232 1473 1364 1555 περσιὸν

334 1585 362 1662 6,
386 1587 422 1648 6:
445 1585 523 1670 περὶ
547 1581 666 1670 έρόντα
1232 1585 1309 1669 περὶ
1332 1579 1468 1668 ὅρὸνεοα

333 1699 363 1773 6,
386 1699 420 1759 7:
443 1695 506 1782 ἔφη
529 1693 664 1784 ὅρόνεας
1232 1697 1295 1782 ἔφη
1318 1689 1336 1761 ὅ
1361 1691 1495 1776 ὅρόνεας

334 1812 363 1886 6,
387 1811 419 1874 8:
444 1809 506 1896 ἔφη
530 1806 666 1896 ὅρὸνεας
1232 1809 1295 1895 ἔφη
1318 1805 1337 1874 ὅ
1360 1805 1494 1892 ὀρόνεας

333 1925 364 1998 6,
386 1923 420 1986 9;
443 1923 519 1999 τοὺς
540 1919 717 1997 έθέλονσας
1231 1921 1306 1998 τούς
1328 1916 1507 1996 ἐθέλοντας
1529 1919 1646 2004 φίλους

333 2040 363 2113 7,
387 2037 422 2100 3:
446 2035 502 2098 eci
524 2027 565 2120 ἧς·
584 2031 668 2118 ope,
690 2033 753 2114 έγώ
776 2029 994 2118 εὐδαιμονίζω
1129 2123 1131 2128 Ι
1231 2035 1290 2100 καλ
1312 2030 1396 2120 ὑπὲρ
1411 2029 1449 2121 ἧς
1471 2031 1554 2118 ὅμάς
1576 2031 1639 2114 tyb
1662 2027 1729 2098 said.

333 2150 363 2224 8,
387 2151 444 2210 14:
468 2145 608 2238 προσῄει
632 2144 784 2231 (προσῄει
807 2149 887 2231 Cpr.)
1232 2143 1351 2236 προῄει

334 2262 363 2338 8,
389 2261 441 2325 19;
465 2259 501 2326 έν
521 2262 560 2352 τῇ
581 2259 672 2334 τάξει
694 2260 745 2342 (aii
767 2261 846 2343 Cpr.)
1232 2259 1268 2324 έν
1288 2255 1380 2336 τάξει

333 2373 363 2450 8,
384 2374 438 2436 22:
462 2369 617 2458 ἡγοῦνται
1231 2369 1370 2460 ἡγοῦντο

333 2487 363 2562 9,
388 2490 442 2550 12:
466 2481 554 2571 αὐτῷ
576 2484 625 2551 ένλ
646 2507 683 2565 γε
705 2481 808 2562 (adrui
829 2484 909 2568 Cpr.)
1232 2482 1339 2551 αὐτῶν
1361 2483 1409 2552 eo
1431 2505 1468 2568 ps

335 2601 384 2674 10,
405 2601 443 2661 5;
467 2601 616 2682 πέμπαιε
1231 2599 1399 2680 πέμποιεν

423 2713 455 2775 Si
482 2714 562 2775 locos
591 2731 665 2794 quos
692 2711 801 2793 protuli
831 2710 1013 2794 perspexeris
1043 2719 1131 2792 atque
1160 2713 1360 2776 enumerando
1388 2710 1602 2794 percensueris,
1630 2709 1783 2790 intelleges
1809 2709 1917 2772 mirum
1940 2709 1973 2770 in

281 2826 400 2888 modum
423 2825 513 2889 libros
529 2825 594 2908 Cpr.
621 2825 687 2888 etl)
709 2826 742 2888 in
763 2825 911 2906 prioribus
935 2843 986 2887 εει
1007 2823 1152 2906 capitibus
1175 2825 1355 2900 consentire,
1379 2825 1409 2888 in
1431 2824 1644 2906 posterioribus
1666 2831 1807 2905 quattuor
1828 2821 1973 2904 capitibus

279 2939 358 3002 illam
386 2939 615 3002 consensionem
647 2957 708 3000 non
734 2939 792 3000 iam
815 2937 928 3014 inesse:
954 2939 984 3000 in
1008 2937 1107 3020 priore
1130 2937 1210 3000 euim
1234 2939 1281 3000 illa
1302 2947 1387 3020 parte
1409 2938 1498 3020 primi
1521 2937 1588 3000 libri
1609 2945 1680 3000 suut
1703 2936 1759 3000 loci
1781 2935 1974 3016 quadraginta

280 3060 436 3132 quattuor,
466 3052 517 3114 ubi
539 3053 604 3134 Cpr.
628 3053 707 3114 idem
731 3051 810 3132 quod
832 3051 855 3112 D
879 3050 1007 3126 exbibet,
1029 3051 1058 3114 in
1082 3052 1171 3114 altera
1193 3061 1277 3132 parte
1298 3071 1352 3114 εει
1373 3051 1439 3114 loci.
1484 3051 1565 3126 Quae
1587 3069 1655 3114 cum
1677 3051 1717 3112 ita
1740 3049 1812 3124 siut,
1834 3049 1869 3110 iis
1890 3047 1973 3122 locis,

280 3164 331 3226 ubi
359 3165 425 3246 Cpr.
449 3165 481 3226 in
514 3164 662 3246 prioribus
685 3185 735 3227 ser
757 3164 900 3246 capitibus
923 3164 1011 3227 litura
1034 3173 1191 3245 corruptus
1214 3173 1273 3238 est,
1301 3173 1404 3228 nostro
1425 3164 1490 3226 iure
1512 3163 1605 3227 codici
1627 3163 1693 3244 Cpr.
1717 3183 1751 3224 ea
1773 3162 1973 3234 admovemus,

280 3267 354 3356 quae
377 3278 409 3338 in
431 3277 531 3340 codice
553 3277 575 3338 Ι)
598 3277 730 3356 legimus.
775 3279 877 3358 ltaque
900 3278 928 3352 3,
954 3277 992 3338 16
1014 3278 1045 3338 iu
1068 3277 1167 3338 codice
1183 3277 1260 3358 Cpr,
1283 3277 1329 3340 cui
1345 3296 1450 3340 manus
1466 3277 1640 3340 correctoris
1655 3275 1769 3340 addidit
1782 3269 1974 3358 λαμβάνειν,

280 3385 392 3451 λιπετν
414 3390 629 3453 restituendum
654 3399 712 3453 est:
736 3409 805 3452 uam
827 3391 897 3452 iilud
920 3384 1102 3471 λαμβάνειν
1122 3390 1270 3452 incasura
1286 3399 1425 3470 quattuor
1440 3390 1606 3454 litterarum
1622 3399 1681 3464 est:
1704 3389 1775 3470 quid
1791 3390 1828 3451 de
1844 3387 1974 3451 absurdo

281 3500 339 3563 isto
369 3503 457 3564 verbo
485 3501 599 3568 λιπεῖν
624 3503 814 3566 indicendum
835 3504 884 3576 sit,
906 3502 983 3564 inira
1006 3501 1047 3583 (p.
1071 3501 1103 3578 9)
1127 3520 1282 3584 exponam.
1306 3537 1344 3548 -
1368 3504 1463 3584 Atque
1486 3503 1515 3580 3,
1541 3503 1580 3566 19
1603 3502 1653 3566 ubi
1674 3503 1772 3566 Ccorr.
1795 3511 1974 3583 postremam

280 3613 408 3677 litteram
431 3615 513 3678 verbi
534 3614 610 3700 λέγῃ
633 3616 666 3678 in
688 3617 773 3679 litura
795 3617 887 3679 trium
910 3617 1035 3678 fortasse
1057 3615 1224 3678 litterarum
1248 3615 1377 3698 praebet,
1400 3615 1506 3698 opinor
1520 3616 1718 3697 recipiendam
1735 3633 1801 3678 esse
1817 3613 1975 3678 lectionem

280 3727 435 3790 codicisb
462 3726 563 3807 λέγοι.
608 3729 705 3792 Etiam
727 3729 756 3804 6,
777 3730 806 3804 4,
835 3729 885 3792 ubi
907 3730 974 3810 Cpr.
998 3729 1170 3811 πέρσ...,
1194 3729 1291 3791 Ccorr.
1314 3727 1448 3811 περσῶν
1470 3729 1566 3805 babet,
1589 3747 1657 3792 oum
1680 3728 1781 3792 codice
1803 3727 1826 3790 D
1849 3729 1975 3808 πέρσας

279 3840 436 3921 legendum
460 3860 575 3904 censeo.
620 3841 721 3923 ltaque
744 3859 804 3904 nou
827 3842 1018 3923 quadraginta
1034 3849 1184 3922 quattuor,
1200 3841 1252 3903 sed
1268 3841 1460 3922 quadraginta
1476 3849 1590 3923 septem
1606 3842 1679 3906 locis
1694 3843 1828 3923 priorum
1843 3841 1974 3923 capitum

279 3971 330 4014 εει
352 3954 443 4016 codex
465 3955 531 4035 Cpr.
556 3974 624 4018 cum
648 3955 749 4017 codice
771 3955 794 4016 D
818 3954 976 4018 consentit.

422 4067 536 4142 Quibus
565 4067 602 4128 de
629 4067 712 4138 iocis,
741 4067 792 4128 ubi
821 4067 913 4130 codex
943 4067 1008 4148 Cpr.
1040 4065 1115 4128 etl)
1143 4066 1174 4128 iu
1200 4065 1348 4146 prioribus
1378 4085 1430 4128 εει
1458 4067 1605 4149 capitibus
1626 4067 1705 4130 idem
1730 4067 1881 4148 praebent,
1904 4067 1975 4148 quid

278 4177 470 4241 iudicandum
501 4179 553 4254 sit,
583 4187 683 4242 utrum
714 4179 800 4242 lectio
830 4180 938 4242 borum
966 4179 1109 4242 librorum
1137 4197 1175 4240 au
1201 4179 1383 4259 reliquorum
1415 4180 1598 4260 maximeque
1627 4179 1734 4242 codicis
1757 4180 1855 4244 Ccorr.
1888 4197 1975 4260 prae·

279 4291 400 4356 ferendo
423 4293 471 4366 sit,
493 4310 574 4355 nuno
595 4291 806 4374 disputandum
829 4302 884 4356 est,

422 4405 539 4468 Servari
568 4423 629 4467 nou
655 4425 743 4486 posse
771 4406 907 4468 existimo
930 4405 1087 4468 lectionem
1111 4403 1247 4466 codicum
1269 4405 1335 4485 Cpr.
1359 4415 1388 4468 et
1410 4404 1433 4468 D
1456 4405 1502 4468 his
1523 4405 1612 4469 locis:
1642 4403 1707 4481 2,8
1731 4401 1893 4488 έεδελρειν
1913 4403 1975 4466 rei-

279 4515 417 4579 ciendum
447 4537 510 4581 esse
538 4537 642 4581 omnes
671 4519 796 4582 editores
818 4519 998 4582 recentiores
1021 4523 1137 4600 praeter
1159 4515 1342 4578 Dindorsrum
1365 4517 1425 4597 (ed.
1449 4518 1516 4598 Οι.)
1539 4520 1738 4582 consentiunt.
1784 4518 1815 4580 Si
1838 4516 1970 4580 conside

278 4631 387 4692 raseris
409 4631 447 4693 de
469 4632 583 4696 actione
604 4633 763 4714 praeterita
785 4643 815 4695 et
836 4633 885 4695 hic
906 4633 952 4712 agi
967 4639 1004 4712 ¹et
1018 4631 1049 4695 in
1064 4630 1200 4712 proximo
1217 4627 1390 4714 κρεμάσαι,
1405 4629 1632 4713 Xenophontem
1647 4629 1801 4712 scripsisse
1816 4627 1976 4713 έεὸεέρειν

278 4761 382 4822 parum
416 4743 561 4823 probabis.
624 4745 652 4818 3,
676 4744 709 4806 9:
753 4745 819 4808 τῶν
846 4743 1053 4826 βουλομένων
1090 4743 1252 4806 absurdum
1291 4751 1343 4806 est
1405 4745 1511 4819 3,11:
1549 4745 1670 4806 omissio
1698 4743 1855 4806 verborum
1883 4735 1977 4815 ὅπως

277 4849 513 4938 ἀσφαλέστατα
540 4859 687 4940 μένωμεν
716 4857 856 4920 vindicari
884 4874 946 4918 uon
974 4863 1081 4938 potest.
1131 4853 1239 4930 3,12;
1269 4855 1402 4920 ordinem
1432 4858 1589 4920 verborum
1617 4855 1723 4942 πεζὴν
1744 4853 1800 4918 καλ
1821 4853 1978 4938 ναυτικὴν

279 4965 335 5026 καὶ
365 4963 509 5052 ἱππικὴν
537 4970 607 5032 vitio
636 4969 768 5032 laborare
796 4979 925 5050 apparet.
971 4969 1078 5044 3,14;
1113 4961 1259 5032 ἐλθόντα
1282 4968 1399 5050 probari
1423 4987 1484 5030 non
1507 4977 1620 5047 potest,
1644 4973 1719 5040 item
1741 4966 1772 5038 8,
1789 4965 1844 5027 rs:
1878 4963 1978 5042 λέγοι,

279 5078 383 5152 4,13:
412 5081 531 5144 omissio
555 5082 635 5143 verbi
658 5080 754 5154 πολὺ,
779 5085 808 5156 5,
825 5083 860 5145 3:
888 5083 1009 5145 omissio
1032 5081 1192 5144 verborum
1214 5078 1341 5163 μὲν-δέ,
1366 5081 1394 5152 5,
1411 5080 1445 5141 3;
1469 5079 1589 5142 omissio
1613 5081 1783 5168 particulae
1806 5097 1879 5155 περ,
1901 5077 1982 5148 5,·’1ι

278 5189 368 5266 γοῦν,
391 5191 422 5262 6,
437 5189 474 5254 2:
504 5193 624 5256 omissio
648 5195 865 5258 coniunctionis
889 5194 928 5256 ελ.
974 5193 1039 5267 Quo
1062 5195 1126 5256 loco
1148 5212 1251 5255 rasura
1274 5191 1381 5255 codicis
1404 5191 1469 5271 Cpr.
1494 5210 1568 5272 quae
1593 5193 1768 5290 inthnr
1786 5185 1862 5246 baud
1876 5185 1934 5244 scio
1951 5203 1989 5246 au
