4526 5848
1012 331 1207 393 ..4-

266 501 409 577 definivit,
437 503 590 584 usquead
614 523 702 584 quem
725 505 823 567 locum
846 505 914 567 libri
939 516 1145 586 congruerent.
1183 506 1269 580 Quod
1294 517 1325 570 ut
1346 516 1519 582 statuamus,
1542 511 1722 592 perlustrare
1746 511 1816 574 libet
1837 510 1952 591 singula

267 615 359 696 capita
392 615 445 688 ita,
482 623 513 677 ut
546 617 702 680 lectionem
737 618 843 680 codicis
871 617 937 698 Cpr.
967 619 1016 700 (D)
1049 629 1077 683 et
1104 620 1260 682 lectionem
1291 629 1456 686 ceterorum
1482 623 1623 687 librorum
1653 624 1811 706 (imprimis
1839 623 1953 705 Ccorr.)

266 745 481 810 proponamus:

682 843 747 923 Cpr.
773 843 807 904 D.
1270 845 1352 909 Varia
1373 847 1458 910 lectio
1481 849 1639 930 (imprimis
1661 849 1792 926 Ccorr.):

321 955 348 1025 1,
373 951 408 1014 8:
431 949 491 1035 τήν
512 949 693 1037 ἐπιβουλὴν
715 955 767 1038 (τῆ
790 956 868 1036 Cpr.)
1209 957 1271 1041 τῆς
1293 955 1475 1042 ἐπιβουλῆς,

321 1065 348 1137 1,
371 1063 404 1125 9:
426 1064 466 1152 τῇ
492 1065 562 1126 κατ’
590 1061 769 1146 ἀντιπέρας
797 1068 876 1151 (Cpr.
900 1085 1052 1148 nunquam
1076 1067 1164 1131 habet
1215 1069 1273 1153 τῆς
1295 1069 1365 1133 κατ’
1387 1068 1566 1156 ἀντιπέρας

418 1177 649 1259 :subcriptum

321 1294 511 1366 1,11:0m.
1215 1289 1304 1379 αὐτῷ

318 1404 348 1483 2,
374 1408 405 1468 1:
428 1403 579 1469 ἐνταῦθα
600 1404 657 1468 καὶ
1216 1404 1363 1472 ἐνταῦθα
1385 1406 1569 1492 στράτευμα
1591 1404 1648 1472 καὶ

317 1519 346 1592 2,
372 1521 405 1580 1:
429 1515 574 1600 λαβόντα
599 1516 674 1592 τούς
695 1513 813 1592 ἄλλους
835 1518 914 1599 (flug
934 1519 1021 1582 etiam
1043 1521 1075 1582 in
1098 1521 1161 1583 cod.
1216 1516 1359 1602 λαβόντα
1380 1519 1456 1594 τοὺς
1478 1518 1599 1606 ἄνδρας

417 1631 484 1714 Cpr.
507 1621 630 1703 ἄλλους
650 1630 732 1710 legit)

317 1739 348 1816 2,
371 1744 404 1803 5:
429 1739 548 1826 ἤκουσε
574 1745 820 1827 Τισσαφέρνους
1216 1739 1335 1827 ἤκουσε
1355 1742 1449 1828 παρὰ
1475 1745 1721 1829 Τισσαφέρνους

318 1855 347 1929 2,
370 1855 405 1916 5:
428 1852 599 1940 ἐζευγμένη
622 1854 765 1930 πλοίοις.
1217 1853 1260 1929 έζ.
1284 1853 1417 1931 πλοίοις
1438 1849 1535 1920 ἑπτά.

317 1967 347 2042 2,
370 1966 405 2029 8:
428 1965 588 2051 ἐκδεέρειν
1217 1965 1364 2052 ἐκδεῖραι

318 2079 347 2154 2,
373 2081 430 2142 13;
453 2073 583 2145 ἐλαόνει
1217 2078 1381 2154 ἐξελαύνει

316 2191 348 2264 2,
373 2193 429 2255 18:
453 2191 572 2277 ἔφυγεν
594 2191 653 2256 ἐπὶ
674 2193 730 2277 τῆς
751 2188 944 2276 ἁρμαμάξης
1217 2190 1270 2277 έφ.
1292 2191 1327 2256 ἐκ
1348 2192 1404 2278 τῆς
1425 2186 1620 2276 ἁρμαμάξης

317 2305 347 2380 2,
370 2307 427 2366 21:
451 2304 575 2388 ἔμεινεν
1218 2303 1351 2388 ἔμειναν

318 2418 347 2491 2,
371 2417 429 2480 22:
453 2427 623 2502 περιεῖχεν
1218 2420 1364 2502 περιέχει

318 2529 348 2604 3,
373 2531 407 2590 1:
429 2525 583 2614 ἄρξαιντο
607 2531 698 2613 (quod
721 2531 786 2612 Hug
808 2531 839 2592 in
862 2531 926 2612 Cpr.
950 2530 1041 2610 legit.)
1218 2527 1337 2614 ἤρξατο

319 2639 348 2718 3,
371 2641 406 2704 2;
429 2639 567 2728 ἐξέφυγε
588 2667 632 2729 μη
656 2645 957 2728 καταπετρωθῆναι
1217 2639 1354 2729 ἐξέφυγε
1386 2643 1424 2706 τὸ
1454 2641 1498 2728 μὴ
1526 2666 1554 2706 ιι.
1587 2643 1635 2724 (Β)
1663 2645 1721 2707 τοῦ
1750 2645 1793 2728 μὴ
1822 2666 1850 2708 ιι.

1319 2758 1426 2834 (ceteri
1448 2765 1479 2820 et
1500 2757 1612 2838 Ccorr.)
1634 2758 1692 2821 τοῦ
1714 2781 1742 2820 ιι.
1766 2759 1814 2839 (Ε)

318 2865 347 2941 3,
371 2865 406 2929 3:
430 2869 618 2951 κατεθέμην
639 2866 712 2952 ἐμοὶ
735 2865 812 2932 οὐδὲ
1217 2891 1246 2931 ιι.
1268 2867 1343 2952 ἐμοὶ
1366 2865 1437 2930 ἀλλ’
1459 2861 1538 2933 οὐδὲ

318 2980 346 3052 3,
371 2980 404 3040 6:
428 2981 621 3042 πείθεσθαι
1217 2984 1407 3044 πείθεσθαι
1431 2977 1508 3045 οὐδὲ
1531 2975 1678 3044 ἕπεσθαι

318 3091 347 3166 3,
370 3093 403 3155 9:
427 3094 491 3156 τῶν
513 3089 722 3177 βουλομένων
744 3095 809 3176 Cpr.
833 3094 910 3174 (sine
931 3093 995 3156 τῶν
1015 3094 1053 3170 D)
1217 3092 1271 3156 τόν
1292 3087 1493 3178 βουλόμενον

317 3205 346 3278 3,
372 3206 425 3266 11:
448 3225 507 3268 om.
1218 3201 1309 3280 ὅπως
1332 3204 1564 3291 ἀσφαλέστατα
1585 3209 1730 3288 μένωμεν

318 3315 347 3389 3,
373 3317 426 3378 12:
450 3313 554 3401 πεζὴν
576 3317 632 3381 καλ
653 3317 809 3402 ναυτικὴν
830 3316 886 3379 καὶ
910 3315 1056 3401 ἱππικὴν
1217 3315 1320 3404 πεζὴν
1341 3318 1397 3381 καὶ
1421 3315 1565 3402 ἳππιιιὴν
1586 3319 1643 3382 καὶ
1665 3318 1820 3402 ναυτικόν

317 3427 347 3504 3,
373 3429 427 3490 14:
451 3427 597 3494 ἐλθόντα
619 3429 657 3493 δέ
683 3431 791 3512 Κῦρον
811 3431 919 3493 αἰτεῖν
1218 3427 1379 3505 ἐλθόντας
1401 3430 1432 3494 δ.
1458 3435 1497 3494 Κ.
1520 3431 1627 3494 αῖτεῖν

317 3541 346 3615 3,
373 3543 425 3605 16;
449 3541 506 3606 τόν
528 3541 647 3606 στόλον
1219 3541 1338 3605 στόλον

318 3654 347 3729 3,
372 3655 430 3717 16:
456 3658 658 3739 ποιουμένου
1218 3654 1263 3739 μὴ
1287 3657 1489 3738 ποιουμένου

318 3767 347 3840 3,
373 3767 424 3829 16;
448 3765 714 3848 προκαταλιπεῖν
730 3769 810 3848 (Cpr.
825 3764 1008 3850 λαμβάνειν
1022 3769 1054 3829 in
1064 3787 1166 3832 rasura
1220 3763 1553 3850 προκαταλαμβάνειν

418 3879 438 3940 4
460 3881 629 3942 litterarum
651 3881 715 3944 loco
738 3880 820 3942 verbi
842 3878 970 3960 λιπεῖν)

318 3991 348 4066 3,
374 3995 427 4056 17:
449 4006 522 4068 ταῖς
544 3992 691 4078 τριήρεσι
1220 3985 1337 4066 αὐτοῖς
1359 3999 1433 4066 ταῖς
1453 3985 1602 4074 τριήρεσι

318 4105 346 4169 3.
371 4107 426 4168 17:
449 4102 534 4171 ὅθεν
556 4103 730 4196 οόκιέσται
1220 4098 1304 4166 ὅθεν
1326 4099 1385 4183 οὐχ
1408 4099 1516 4167 οἷόντε
1538 4099 1630 4166 ἔσται

318 4217 347 4294 3,
374 4219 431 4281 19:
453 4217 544 4298 λέγοι
566 4219 647 4301 (Cpr.
669 4221 732 4283 Ιοοο
756 4240 789 4281 οι
811 4238 913 4282 rasura
930 4219 948 4281 3
964 4221 1142 4297 litterarum)
1220 4213 1296 4300 λέγῃ

317 4334 347 4407 4,
370 4333 403 4394 2;
426 4327 536 4416 ἡγεῖτο
559 4331 588 4395 δ’
610 4327 726 4405 αὐταῖς
1220 4325 1249 4414 ἦ.
1273 4327 1304 4390 δ’
1326 4324 1434 4393 αὐτῶν

317 4446 347 4518 4,
370 4446 407 4508 3:
430 4443 488 4508 έπλ
510 4445 593 4510 νεῶν
1220 4439 1278 4504 ἐπὶ
1300 4441 1367 4504 τοῖν
1387 4442 1469 4508 νειόν

318 4558 348 4630 4,
372 4559 406 4620 7:
430 4556 562 4638 εὔχοντο
586 4553 630 4632 ιός
652 4553 781 4631 δειλοδς
1221 4550 1285 4634 εδχ.
1309 4550 1352 4628 ὥς
1374 4552 1492 4638 δήλους

319 4672 349 4745 4,
372 4668 406 4732 9:
429 4668 547 4749 χάλαν,
570 4670 675 4752 χαλᾶν
1043 4686 1049 4702 ·
1220 4662 1322 4746 χάλον

320 4783 349 4855 4,
374 4781 426 4843 13:
449 4780 483 4845 τό
508 4783 567 4866 μὲν
588 4781 631 4869 ‘51'
1219 4779 1257 4843 τό
1279 4777 1341 4863 μδν
1362 4777 1403 4863 δὴ
1425 4777 1513 4843 πολὺ

320 4895 349 4966 5,
374 4895 407 4954 1:
431 4887 523 4958 ἅπαν
544 4891 663 4978 ὁμαλὲς
685 4889 797 4978 ὥσπερ
1220 4887 1252 4954 δι’.
1275 4887 1400 4974 ὁμαλὸν
1422 4886 1534 4972 ὥσπερ

320 5007 348 5077 5,
372 5003 405 5066 2;
431 5005 582 5068 πλεῖστοι
605 5001 677 5070 όνοι
702 5004 814 5091 ἄγριοι
1221 5001 1373 5066 πλεῖστοι
1394 5001 1456 5082 μέν
1478 4998 1511 5064 οἳ
1534 4993 1649 5083 άγριοι
1672 4999 1743 5067 ὄνοι

320 5119 348 5190 5,
373 5117 408 5179 2;
432 5115 663 5200 διαδεχόμενοι
1222 5111 1452 5198 διαδεχόμενοι
1474 5123 1546 5188 τοῖς
1569 5119 1689 5189 ἵπποις

319 5231 349 5302 5,
373 5229 409 5290 3:
433 5230 501 5302 τοῖς
523 5229 605 5292 ποσλ
618 5275 625 5291 .
639 5274 668 5292 ..
690 5240 764 5304 ταῖς
786 5229 942 5314 πτέρυξιν
1221 5237 1291 5299 τοῖς
1313 5227 1374 5308 μὲν
1396 5225 1478 5289 ποσὶ
1491 5269 1499 5288 .
1512 5270 1541 5288 ..
1563 5238 1636 5300 ταῖς
1659 5225 1696 5288 δέ
1719 5225 1853 5308 πτέρυξι
