4526 5848
428 1417 499 1529 De
535 1412 707 1527 litenis
725 1402 731 1412 ’
749 1417 800 1523 11
840 1405 1236 1523 correctionibus
1273 1436 1400 1542 qnae
1431 1402 1766 1517 inveniuntur
1800 1400 1856 1512 in

498 1580 846 1721 Xenophontis
880 1578 1032 1692 Anah.
1069 1576 1236 1691 codice
1269 1575 1302 1691 C
1336 1571 1779 1717 (111111111610).

290 2111 521 2220 Auctoritatem
544 2154 677 2218 codicum
699 2153 736 2216 ad
758 2149 970 2215 restituendam
985 2145 1192 2229 Xenophontis
1213 2147 1377 2210 orationem
1400 2163 1462 2208 non
1482 2145 1617 2209 sulficere
1633 2143 1737 2208 omnes
1753 2145 1815 2208 1111
1830 2143 1888 2208 1111
1903 2143 1984 2209 docti

294 2277 430 2344 censent,
460 2268 563 2351 quiin
586 2265 768 2330 emendanda
789 2263 992 2344 Xenophontis
1015 2261 1148 2324 oratione
1171 2279 1289 2342 operam
1312 2269 1341 2322 et
1363 2259 1495 2323 studium
1518 2259 1747 2337 collocaverunt3
1776 2257 1845 2322 nam
1868 2257 1983 2322 codices

290 2401 354 2446 non
374 2382 470 2444 solum
494 2380 570 2443 vitiis
592 2399 626 2443 ac
646 2379 763 2442 mendis
785 2377 968 2440 omniafere
990 2373 1104 2456 generis
1126 2373 1224 2454 iisque
1247 2373 1390 2453 antiquis,
1413 2373 1466 2436 sed
1489 2373 1578 2436 etiam
1601 2373 1701 2436 mrdtis
1724 2372 1984 2454 grammaticorum

291 2494 523 2559 correctionibus
546 2493 585 2556 ita
608 2491 764 2556 deformati
778 2499 857 2564 sunt,
873 2498 906 2552 ut
921 2488 1094 2572 saepissime
1110 2486 1312 2550 difficillimum
1328 2487 1366 2548 sit
1381 2505 1567 2566 cognoscere,
1583 2506 1658 2569 quae
1673 2485 1878 2570 Xenophontis
1893 2483 1986 2568 ipsius

291 2609 330 2671 sit
358 2607 487 2688 genuina
516 2607 620 2668 oratio.
664 2603 806 2668 Anabasis
834 2603 948 2666 codices
977 2601 1080 2684 optimi
1108 2619 1176 2663 cum
1207 2599 1430 2680 diligentissime
1459 2601 1519 2662 sint
1547 2601 1680 2664 11111111
1704 2601 1772 2663 viris
1795 2601 1987 2676 doctissimis,

291 2720 447 2783 collatione
475 2719 572 2781 denuo
601 2715 731 2780 facienda
763 2715 826 2779 lore
854 2725 887 2778 ut
915 2715 990 2776 nihil
1013 2715 1073 2776 1111
1101 2713 1272 2794 proficiatur
1293 2732 1361 2776 cum
1384 2711 1592 2791 8111111111)
1615 2715 1777 2777 consentio.
1822 2715 1883 2777 Sed
1905 2734 1989 2777 com·

292 2832 448 2914 paratione
475 2831 659 2912 singulorum
688 2829 823 2892 codicum
847 2828 1027 2909 optimorum
1050 2835 1111 2889 mm
1133 2825 1270 2902 sublimi,
1299 2835 1384 2889 utet
1407 2845 1454 2902 oa,
1483 2845 1559 2908 quae
1581 2827 1732 2891 titivillicia
1755 2847 1819 2890 esse
1841 2828 1989 2902 videntur,

290 2963 354 3008 non
379 2945 647 3026 perhorrescamus,
670 2943 705 3006 ad
729 2941 967 3005 constituendam
991 2941 1156 3003 orationem
1173 2939 1420 3022 Xenophonteam
1445 2940 1570 3004 multum
1594 2941 1723 3003 conferri
1738 2959 1828 3022 posse
1843 2941 1989 3004 1111111111.

291 3059 396 3140 ltaque
418 3057 449 3120 in
472 3057 571 3132 animo
593 3055 688 3119 babeo
712 3057 845 3118 codicem
868 3053 898 3127 C,
921 3053 1161 3136 quamprimum
1183 3053 1281 3115 locum
1304 3053 1383 3116 inter
1404 3052 1494 3116 libres
1511 3053 1645 3117 obtinere
1661 3053 1792 3136 plerique
1808 3054 1990 3117 recentiores

293 3171 420 3232 editores
451 3169 654 3244 consentiunt,
689 3188 755 3232 cum
786 3167 961 3230 lectionibus
993 3167 1126 3229 codicum
1149 3165 1191 3240 D,
1218 3168 1259 3238 Α,
1287 3165 1370 3229 bita
1393 3185 1576 3248 comparare,
1605 3175 1640 3230 ut
1662 3179 1711 3230 eos
1733 3167 1814 3230 locos
1836 3165 1991 3242 anabasis,

293 3282 400 3365 quibus
434 3283 465 3344 in
499 3283 599 3345 codice
629 3281 650 3344 C
683 3281 792 3363 aliquid
826 3289 991 3343 correctum
1024 3288 1076 3342 aut
1107 3297 1208 3341 rasum
1236 3289 1297 3353 est,
1330 3279 1498 3360 diligentius
1529 3281 1679 3362 exquiram
1704 3289 1793 3360 atque
1815 3279 1991 3361 ponderem.

294 3398 389 3476 htque
420 3394 504 3457 initio
526 3393 557 3456 in
581 3393 680 3456 animo
704 3407 765 3456 erat
788 3393 936 3474 disputare
959 3393 995 3455 de
1017 3391 1154 3455 omnibus
1176 3390 1382 3474 Xenophontis
1405 3391 1538 3456 anabasis
1560 3392 1650 3455 libris.
1695 3393 1754 3455 Sed
1778 3379 1846 3458 cum
1868 3394 1992 3458 viderim

262 3579 263 3582 Ἴ
294 3515 324 3570 et
348 3508 491 3588 longioris
517 3507 588 3570 illud
619 3505 801 3588 quaestionis
831 3505 894 3569 lore
921 3514 950 3567 et
978 3513 1062 3569 caute
1095 3505 1310 3587 exquirendum
1340 3526 1406 3568 esse
1435 3515 1466 3568 ct
1493 3525 1509 3567 a
1532 3506 1628 3587 primo
1650 3505 1726 3569 libro
1749 3505 1879 3588 reliquos
1901 3507 1994 3570 libros

294 3619 442 3696 illustrari,
467 3619 681 3702 pedetemptim
703 3619 849 3682 disserere
870 3619 1010 3682 constitui
1033 3627 1121 3700 atque
1142 3619 1221 3682 illam
1245 3619 1476 3701 disputationem
1498 3619 1530 3682 in
1552 3619 1629 3682 aliud
1653 3627 1772 3702 tempus
1794 3637 1956 3684 reservare.

436 3733 488 3796 llla
517 3733 738 3815 comparatione
766 3731 874 3815 opinor
895 3749 964 3795 cum
986 3731 1146 3795 nonnullos
1169 3733 1249 3796 locos
1273 3732 1425 3795 emendari
1447 3741 1511 3795 tum
1533 3734 1668 3814 cognosci
1690 3751 1789 3814 posse,
1822 3752 1897 3815 quae
1918 3734 1994 3796 ratio

295 3845 460 3919 intercedat
487 3846 567 3909 inter
595 3846 725 3909 codicem
758 3845 780 3908 C
812 3855 841 3909 et
869 3865 919 3908 eos
947 3845 1077 3922 codices,
1105 3844 1155 3928 qui
1183 3845 1341 3927 genuinam
1364 3846 1455 3926 magis
1481 3845 1624 3926 praebent
1646 3846 1797 3928 scriptoris
1820 3846 1993 3909 orationem.

297 3957 375 4037 Siglo
398 3967 497 4021 autem
514 3959 580 4041 Cpr.
602 3959 635 4022 in
657 3969 759 4023 nostra
775 3959 1026 4022 commentatione
1041 3959 1211 4022 notabimus
1228 3979 1270 4034 ea,
1295 3978 1371 4040 quae
1394 3959 1541 4022 alibrario
1556 3959 1622 4040 ipso
1638 3959 1746 4022 codicis
1763 3959 1784 4022 C
1799 3961 1907 4041 scripta
1923 3967 1996 4022 sunt

296 4088 374 4133 anno
397 4071 460 4134 lere
485 4071 576 4146 1320,
600 4071 671 4152 siglo
695 4071 793 4135 Ccorr.
816 4071 873 4146 illa,
897 4091 973 4153 quae
994 4093 1011 4135 a
1033 4080 1196 4134 correctore
1218 4071 1347 4154 quodam
1369 4072 1499 4135 codiciC
1521 4071 1640 4135 admota
1662 4086 1742 4136 sunt.
1789 4073 1870 4146 Quae
1893 4081 1995 4135 utrum

296 4182 332 4246 ab
360 4183 465 4246 eodem
495 4194 663 4247 correctore
692 4203 730 4248 an
757 4205 774 4247 a
805 4185 1024 4268 compluribus,
1053 4194 1153 4248 utrum
1182 4185 1286 4248 eodem
1316 4193 1450 4266 tempore
1478 4204 1516 4247 an
1544 4185 1599 4247 aha
1629 4185 1691 4247 aliis
1721 4184 1904 4268 temporibus
1936 4185 1998 4248 sint

298 4296 418 4378 scripta,
441 4295 558 4360 difficile
581 4306 626 4360 est
647 4297 830 4372 discernere,
859 4297 1034 4379 praesertim
1058 4317 1124 4361 cum
1147 4297 1203 4361 viri
1224 4297 1400 4371 doctissimi,
1427 4297 1600 4361 Fredericus
1628 4297 1765 4361 Duebner
1794 4307 1823 4360 et
1848 4299 1996 4362 brnoldus

297 4408 380 4490 llug,
409 4408 459 4491 qui
481 4409 513 4471 in
533 4409 737 4473 recentissima
759 4409 913 4474 collatione
935 4411 1044 4474 codicis
1070 4411 1092 4474 C
1111 4411 1291 4475 conficienda
1314 4430 1430 4474 summa
1453 4411 1602 4493 diligentia
1624 4411 1715 4474 oculis
1737 4412 1996 4494 perlustraverunt

298 4521 385 4584 verba
413 4521 522 4585 codicis
543 4523 623 4604 ipsa,
651 4523 875 4605 dissentiunt').
926 4523 967 4588 De
989 4544 1047 4607 qua
1069 4543 1101 4588 re
1123 4525 1195 4607 quid
1218 4543 1253 4587 ex
1275 4524 1496 4607 comparatione
1518 4525 1680 4589 lectionum
1703 4525 1839 4606 equidem
1862 4524 1998 4588 conicere

299 4635 436 4710 audeam,
457 4635 534 4699 infra
558 4654 713 4718 exponam.
1129 4713 1131 4718 ,

442 4748 575 4813 Primum
603 4769 677 4832 quae
708 4749 784 4813 ratio
814 4749 978 4813 intercedat
1006 4751 1099 4814 codici
1122 4751 1188 4834 Cpr.
1217 4769 1284 4814 cum
1311 4751 1411 4814 codice
1433 4751 1457 4813 D
1479 4751 1628 4814 illustrare
1650 4751 1743 4813 liccat.
1767 4785 1808 4794 —
1830 4750 1864 4812 ln
1887 4751 1999 4812 maiore

299 4855 367 4922 libri
405 4860 494 4942 primi
522 4871 606 4944 parte
632 4861 763 4926 codicem
791 4862 858 4945 Cpr.
890 4865 1058 4929 consentire
1086 4883 1154 4928 cum
1186 4863 1286 4928 codice
1316 4864 1340 4926 D
1368 4864 1428 4928 iam
1456 4863 1642 4942 Rehdanta⁸)
1673 4863 1823 4944 cognorit,
1857 4863 1910 4926 scd
1937 4881 2000 4926 non

435 5143 455 5206 ι)
473 5143 591 5208 Schenkl,
614 5142 840 5209 Xenophontische
859 5144 975 5198 Studien.
1012 5145 1035 5196 1.
1053 5143 1125 5198 tren:
1155 5141 1630 5210 811111111111111111111111111.
1662 5145 1693 5198 Α.
1707 5145 1731 5200 d.
1745 5143 2001 5210 Sitzungsberichten

302 5225 615 5280 1.1.1.Α111111111.
635 5228 717 5281 Wiss.
754 5231 832 5283 Wien
853 5232 928 5284 1818.
964 5229 1081 5284 Gerold’s
1099 5233 1174 5284 Sohn.
1211 5249 1233 5298 p.
1253 5233 1311 5284 565.

435 5313 457 5380 1)
475 5314 507 5367 11.
525 5315 655 5366 Arnoldus
673 5315 736 5381 ling,
756 5317 934 5370 commentatio
952 5319 983 5370 ds
1000 5315 1179 5386 Xenophontis
1196 5318 1322 5371 Anabucis
1342 5317 1429 5371 codice
1447 5321 1474 5373 C.
1509 5319 1599 5372 Turici
1620 5321 1695 5375 1878.
1731 5338 1755 5388 p.
1775 5320 1838 5386 Srq.

436 5400 459 5464 ⁸)
477 5397 624 5456 Krititclrcr
641 5403 748 5470 Anhang
765 5419 797 5457 au
814 5403 972 5473 1111111111
991 5404 1127 5459 Anabucis.
1163 5405 1249 5458 Berlin
1269 5407 1343 5460 1865.
1378 5423 1401 5475 p.
1422 5405 1462 5461 11.

1757 5489 1791 5546 1*
