4526 5848
1020 295 1243 361 ..9.-

283 482 392 557 potest,
425 472 450 536 si
472 489 561 554 quem
584 473 641 536 tale
663 473 734 554 quid
757 491 845 555 supra
873 473 1028 555 scripsisse
1056 482 1180 536 statuas:
1211 466 1320 553 ὅςπερ
1346 465 1649 558 ἐπανάεοσομέυου
1683 455 1740 537 aci
1771 473 1830 539 τὸν
1861 471 1981 538 στόλον

284 585 328 672 μὴ
350 585 581 670 περανοῦντος.
625 586 781 649 Caeterum
821 595 855 649 ut
887 587 1090 669 ποιουμένου
1116 603 1183 649 αισι
1206 584 1311 650 Castal.
1341 593 1371 648 et
1392 587 1507 650 Muteto
1534 589 1565 650 in
1594 587 1821 672 ποιησομένου
1848 596 1981 652 mutetur

285 720 349 765 non
370 719 446 782 opus
469 709 524 774 est,
546 717 615 762 cum
637 699 766 762 Atticum
789 701 924 763 loturum
948 719 1013 763 esse
1026 699 1129 781 possit.
1167 699 1200 760 V.
1216 699 1389 762 lluttmanni
1404 699 1454 763 Gr.
1469 719 1545 762 max.
1562 701 1637 776 §95
1652 703 1684 764 b.
1702 702 1751 764 16.
1775 701 1817 764 Cf.
1834 698 1867 777 l,
1883 703 1913 776 5,
1923 697 1980 762 21ε

284 808 325 898 ἢν
345 812 406 896 μέν
427 805 551 896 ἀνάγκη
575 806 596 900 pl
618 808 850 896 πολεμήσομεν
878 811 935 874 καλ
957 807 1166 896 ἀμφοτέροις·
1211 807 1252 875 ἂν
1274 809 1312 874 δέ
1340 809 1421 901 θανῇ
1447 807 1528 896 ἡμῖν
1563 811 1620 875 καλ
1656 804 1757 898 φλλον
1786 812 1982 896 ποιούμεθα

182 981 188 992 ,
282 925 343 990 τὸν
365 921 583 1010 Παφλαγόνα.
627 925 675 990 Sic
702 925 782 989 enim
809 925 850 988 ibi
877 925 1033 1006 legendum
1064 925 1189 987 ridetur.
1238 923 1361 998 Dubito,
1390 939 1429 986 an
1455 926 1662 989 huoreleram
1685 927 1760 1001 1,8,
1786 926 1835 990 18.
1877 925 1982 1008 llagna

286 1045 385 1102 autem
408 1040 441 1102 in
462 1040 520 1102 hoc
541 1057 650 1120 genere
666 1039 804 1102 cautione
819 1055 896 1120 opus
919 1045 975 1110 cst,
999 1055 1066 1100 cum
1089 1037 1218 1100 vividum
1242 1036 1423 1100 Graecorum
1446 1039 1598 1119 ingenium
1621 1039 1705 1102 laclle
1727 1039 1841 1102 instans
1862 1047 1982 1122 tempus

283 1153 325 1216 ita
346 1151 496 1232 praesenti
518 1152 707 1226 annexuerit,
742 1161 774 1216 ut
807 1169 894 1232 saepe
922 1151 1031 1214 aoristo
1054 1149 1221 1232 praesentis
1243 1147 1286 1230 (1)
1307 1151 1353 1213 usi
1381 1151 1440 1214 sint
1468 1150 1518 1214 nbi
1540 1171 1595 1214 nos
1617 1153 1753 1216 buturum
1776 1153 1982 1236 exspectemnb

284 1263 328 1327 cf.
358 1265 394 1339 ll,
416 1267 445 1340 5,
468 1264 525 1342 183
552 1265 612 1338 llll,
634 1264 664 1339 3,
684 1261 719 1338 8;
747 1264 806 1338 vll,
823 1265 851 1336 1,
867 1264 917 1326 31.
941 1263 972 1336 n,
988 1261 1026 1326 31
1051 1269 1128 1326 etc.“
1172 1263 1322 1326 Hactenus
1345 1263 1487 1344 Krneger.
1534 1263 1593 1328 virt
1618 1265 1781 1330 doctissimi
1804 1267 1982 1330 sententiam

283 1377 388 1459 probo.
445 1377 636 1458 Participium
673 1385 772 1440 autem
808 1377 973 1458 praesentis
1008 1393 1063 1458 pro
1099 1377 1192 1439 lutari
1229 1375 1383 1457 participio
1411 1377 1543 1458 positum
1587 1394 1653 1442 esse
1694 1377 1767 1442 mlhi
1802 1377 1983 1460 persuadere

284 1507 346 1552 non
367 1507 499 1572 possum.
546 1490 606 1552 Sed
627 1507 768 1572 praesens
790 1490 822 1552 in
845 1489 1058 1564 enuntiatione,
1081 1507 1139 1570 qua
1161 1488 1270 1571 aliquid
1292 1488 1403 1553 ironice
1430 1491 1547 1565 dicitru,
1575 1509 1630 1554 suo
1660 1491 1725 1554 loco
1752 1509 1818 1554 esse
1847 1493 1982 1556 arbitror.

283 1603 321 1666 cl.
337 1604 451 1666 Comm.
467 1603 502 1679 ll,
518 1601 548 1677 6,
564 1601 615 1665 311.
658 1601 770 1682 (Etiam
798 1601 972 1666 Latinorum
995 1603 1044 1666 hic
1064 1621 1130 1666 mos
1152 1601 1295 1685 loquendi
1318 1613 1378 1668 est:
1407 1604 1445 1666 cl.
1467 1603 1524 1666 Cic.
1548 1603 1610 1665 biv.
1632 1603 1664 1666 in
1686 1604 1768 1668 Caec.
1791 1604 1836 1682 1).
1880 1606 1983 1687 ltaque

282 1727 396 1782 aertem
418 1717 502 1800 quasi
525 1717 616 1799 Cyrus
640 1737 657 1779 e
679 1715 777 1780 Cilicia
798 1717 921 1780 reducat
941 1717 973 1779 in
993 1715 1113 1800 Lydiam
1135 1717 1175 1780 ita
1199 1727 1233 1780 ut
1254 1717 1380 1781 naribus
1403 1733 1466 1779 non
1488 1723 1580 1797 egeat.

428 1831 457 1902 3,
476 1831 532 1894 lb:
556 1831 580 1892 ll
603 1825 870 1914 consarcinante
896 1830 994 1906 habet,
1031 1830 1063 1892 in
1090 1831 1167 1912 Cpr,
1200 1830 1251 1894 uhi
1284 1848 1389 1894 rasura
1421 1829 1454 1894 in
1486 1845 1575 1892 rersn
1597 1838 1655 1905 est,
1687 1824 1871 1912 λαμβάνειν
1893 1837 1983 1912 supra

285 1959 403 2006 versum
440 1943 585 2006 additum.
641 1943 834 2024 Sagacissime
867 1961 976 2006 censeo
1009 1943 1225 2006 liebdantaium
1260 1944 1418 2006 odoratum
1457 1961 1523 2006 csse
1561 1943 1694 2005 codicem
1728 1943 1794 2024 Cpr.
1828 1941 1886 2007 hoc
1917 1945 1983 2007 loco

283 2054 556 2140 προκαταλαβεῖν
577 2055 728 2129 hahuisse,
750 2057 831 2138 quod
853 2056 976 2119 verbnm
998 2056 1031 2118 in
1053 2056 1118 2119 cod.
1141 2055 1167 2140 ll
1187 2055 1285 2136 (etin
1308 2057 1345 2138 V)
1367 2067 1541 2137 corruptum
1563 2072 1630 2119 essa
1652 2053 1683 2118 in
1706 2053 1983 2138 obcaecatorum.

429 2172 459 2242 4,
474 2169 512 2230 2:
544 2169 611 2252 Cpr.
640 2177 671 2232 et
697 2169 721 2231 ll
744 2164 900 2244 ὅάὅτατς,
937 2169 1027 2232 ceteri
1061 2164 1204 2234 δἀὅεοῖν
1237 2169 1363 2242 habent,
1400 2169 1554 2232 liehdanta
1587 2168 1617 2241 (l.
1648 2168 1667 2230 l.
1696 2187 1725 2250 p.
1751 2167 1804 2250 11)
1837 2159 1985 2242 derivate

284 2279 414 2364 praefert
436 2292 517 2346 ratus
540 2283 667 2346 Graecos
690 2281 815 2345 barbaro
838 2282 939 2345 classis
961 2285 1110 2362 praelecto
1139 2281 1329 2346 oboedituros
1357 2299 1419 2344 non
1439 2281 1543 2354 luisse,
1576 2299 1630 2363 pro
1664 2281 1726 2344 riae
1759 2282 1835 2344 duce
1866 2289 1983 2346 tanmm

283 2395 410 2458 'l'amum
431 2395 499 2458 illos
520 2395 669 2458 babuisse.
714 2397 811 2470 Quam
832 2395 1012 2459 sententiam
1039 2393 1174 2458 refellere
1201 2395 1288 2458 verba
1316 2391 1397 2475 ἔχων
1417 2389 1631 2477 reticereque
1665 2389 1774 2477 Κύρου
1801 2393 1900 2458 πέντε
1927 2394 1983 2458 καλ

284 2509 413 2572 εἴκοσιν
442 2509 639 2572 Breitenbach
671 2515 787 2584 censet,
827 2529 863 2572 cr
895 2509 1003 2590 quibus
1036 2517 1176 2590 appareat
1210 2508 1508 2572 Lacedaemoniorum
1546 2525 1665 2589 quoque
1704 2506 1824 2570 narium
1857 2507 1983 2572 Tamum

284 2619 422 2684 habuisse
454 2620 623 2702 imperium.
677 2620 821 2702 Equidem
856 2622 963 2703 opinor
999 2623 1046 2684 illa
1078 2622 1168 2685 umba
1200 2621 1274 2684 nihil
1307 2621 1386 2685 aliud
1423 2621 1591 2702 significare
1621 2619 1679 2683 nisi
1708 2620 1836 2684 Tamum
1865 2627 1984 2703 praeter

284 2748 374 2796 naam
397 2733 652 2810 Lacedaemonias,
673 2753 799 2816 quarum
822 2735 912 2798 maris
935 2736 1056 2817 uiaeque
1078 2735 1138 2798 dur
1160 2745 1233 2811 erat,
1256 2753 1346 2798 naves
1369 2735 1528 2798 Persarum
1550 2751 1653 2797 secum
1675 2732 1829 2808 habuisse,
1856 2749 1982 2816 quarum

283 2849 449 2930 praelectus
471 2855 543 2910 erat.
587 2847 663 2910 Nara
684 2846 987 2912 Lacedaemoniorum
1019 2849 1119 2913 classis
1152 2851 1335 2931 praelectam
1369 2847 1564 2930 Pythagoram
1596 2847 1688 2910 luisse
1718 2847 1983 2929 exsuperioribus

283 2959 382 3024 verbis
403 2959 535 3040 intellegi
555 2967 664 3046 pptest.

427 3075 456 3146 4,
473 3075 512 3135 'le
534 3074 623 3136 habet
646 3072 714 3158 Cpr.
736 3083 767 3136 et
788 3074 813 3136 b
835 3072 968 3154 εὔχοντο
991 3069 1034 3148 oie
1055 3071 1185 3148 ὅειλαὸς
1207 3071 1315 3150 ὄντας,
1336 3073 1427 3136 ceteri
1450 3072 1615 3136 absurdum
1637 3067 1767 3157 δήλους.

427 3189 456 3262 5,
472 3188 509 3252 2:
539 3187 693 3252 πλεῖστοι
716 3185 789 3252 ὄνοι
812 3184 936 3272 ἄγριοι,
958 3189 1038 3270 quod
1060 3189 1139 3269 Cpr,
1161 3187 1195 3263 l),
1218 3189 1242 3250 11
1264 3187 1383 3262 habent,
1413 3187 1520 3250 melius
1548 3193 1594 3248 est
1621 3203 1712 3268 quam
1743 3183 1895 3249 πλεέσεει
1923 3183 1985 3268 μέν

284 3295 356 3362 ὄνοι
379 3295 500 3384 ἄγριοι,
524 3301 603 3384 quod
625 3303 734 3378 Ccorr,
757 3301 789 3378 ll,
812 3302 847 3378 E,
868 3302 929 3365 sire
951 3298 1106 3364 πλεῖστοι
1129 3299 1189 3383 μὲν
1211 3295 1244 3363 οἱ
1267 3291 1385 3383 ὅμριοι
1408 3296 1498 3376 ὄνοι,
1532 3299 1613 3381 quod
1645 3299 1746 3362 ceteri.
1796 3292 1875 3362 llaec
1904 3299 1983 3361 enim

284 3421 330 3474 est
355 3431 447 3494 prope
476 3425 615 3478 constans
642 3425 732 3497 atque
759 3415 889 3494 legitima
916 3415 989 3477 ratio
1012 3415 1161 3477 sermonis
1184 3414 1304 3490 Graeci,
1336 3422 1371 3476 nt
1392 3413 1423 3475 in
1444 3411 1584 3494 bipartita
1606 3412 1791 3494 appositione
1813 3411 1897 3494 prior
1917 3429 1985 3493 pars

283 3525 426 3606 particula
448 3527 510 3608 μέν
531 3535 638 3590 careat.
662 3529 697 3591 ol.
720 3527 861 3591 lluehner
882 3529 1013 3590 Cramm.
1037 3527 1155 3590 marim.
1178 3525 1248 3598 520,
1271 3527 1306 3589 1.
1331 3527 1361 3588 1.

427 3639 456 3712 5,
471 3639 507 3700 2:
529 3649 601 3714 τοῖς
624 3643 755 3716 ἵπποις,
779 3642 859 3724 quod
881 3641 905 3702 ll
928 3649 959 3702 et
981 3641 1048 3722 Cpr.
1072 3640 1227 3714 omittunt,
1250 3633 1340 3702 ceteri
1362 3637 1482 3710 habent,
1498 3636 1744 3718 interpolatorem
1761 3637 1852 3700 olent
1888 3637 1984 3701 Etiam

283 3747 450 3814 llemetrius
473 3749 550 3835 περὶ
573 3747 746 3835 ἑρμηνείας
767 3753 880 3815 omittit
901 3761 971 3826 τοϊς
994 3757 1125 3826 tanate.

426 3864 455 3940 5,
471 3863 506 3924 9:
530 3865 629 3926 estin
652 3865 754 3928 codice
774 3865 850 3947 Cpr,
874 3865 908 3940 u,
931 3865 955 3926 V
978 3857 1044 3949 ὅσῳ
1067 3865 1147 3947 (Cpr.
1171 3857 1252 3941 ὅσα)
1276 3863 1404 3927 θᾶττον
1426 3859 1544 3937 ἔλθοι,
1571 3861 1602 3924 in
1631 3863 1737 3925 ceteris
1764 3855 1832 3946 ὅσῳ
1861 3861 1922 3945 μέν
1943 3859 1986 3926 ὅν

284 3973 545 4040 dolendumne.
588 3977 721 4054 llindori,
754 3978 857 4050 Cobet,
889 3978 1051 4052 llehdantz,
1084 3977 1160 4059 llug,
1183 3977 1312 4040 Schenkl
1338 3973 1380 4040 ἂν
1408 3995 1476 4041 cum
1506 3975 1584 4059 Cpr,
1618 3978 1699 4050 nv
1727 3976 1884 4049 omittunt,
1917 3993 1986 4038 cum

283 4087 344 4171 μὲν
365 4097 493 4152 teneant.
538 4090 634 4152 liliam
667 4089 728 4172 μὲν
760 4091 921 4154 delendum
955 4109 1020 4154 esse
1047 4109 1116 4154 cum
1138 4089 1363 4154 Breitenbachio
1391 4090 1560 4154 consentio:
1595 4090 1686 4170 „quia
1718 4089 1864 4152 sententia
1898 4088 1986 4170 plena

284 4209 364 4264 esset
384 4211 473 4283 atque
496 4203 621 4284 integra,
644 4203 759 4267 etiamsi
781 4205 918 4268 deessent
943 4197 1011 4287 ὅσῳ
1039 4201 1078 4266 δέ
1099 4237 1142 4248 -
1163 4200 1358 4288 στράτευμα.
1408 4204 1483 4266 Nam
1511 4206 1593 4286 prius
1623 4205 1792 4268 membrum
1815 4201 1923 4265 sufficit
1949 4201 1985 4262 ad

284 4315 486 4395 explicandam
519 4316 737 4398 properationis
770 4335 898 4380 causam.
953 4317 1085 4380 Habebat
1117 4316 1208 4396 igitur
1243 4315 1409 4398 Xenophon
1448 4318 1585 4382 nondum
1619 4318 1650 4381 in
1684 4317 1785 4379 animo
1819 4313 1984 4395 oppositam

284 4428 476 4505 sententiam,
511 4447 578 4492 cum
613 4429 724 4492 diceret
756 4423 824 4514 ὅσῳ
854 4429 982 4492 θᾶττον
1008 4427 1083 4492 κτλ.
1127 4429 1268 4510 Exempla
1299 4429 1401 4492 ombsi
1428 4432 1490 4512 μέν
1517 4431 1550 4493 in
1580 4431 1730 4513 anaphora
1751 4427 1842 4490 habes
1865 4427 1897 4499 V,
1913 4426 1941 4499 6,
1956 4423 1985 4486 9.

283 4539 377 4615 vlu,
395 4539 444 4605 19.
489 4543 595 4624 Cyrop.
619 4541 795 4616 vl,2‚14.“
851 4543 883 4604 Si
917 4542 1075 4618 addideris,
1109 4542 1191 4623 quod
1226 4541 1375 4615 lluehner,
1409 4541 1539 4607 Gramm.
1574 4540 1787 4614 maximone,
1813 4541 1987 4605 au.4de

283 4655 424 4736 particula
451 4655 645 4737 peremisse
673 4655 758 4718 affert
786 4656 951 4719 sententiae
976 4655 1195 4720 Breitenbachii
1222 4655 1360 4719 assentiri
1396 4665 1426 4718 et
1453 4656 1589 4720 codicum
1612 4656 1692 4738 Cpr,
1723 4657 1758 4730 ll,
1780 4655 1803 4716 V
1825 4653 1985 4716 lectionem

283 4771 433 4848 praeferre
456 4785 515 4830 non
539 4767 698 4831 dubitabis.
841 4751 844 4758 Δ

426 4877 493 4951 6,2;
517 4881 607 4944 ceteri
630 4879 765 4958 codices,
797 4875 943 4954 πολλοὺς
972 4876 1079 4944 αὐτῶν
1101 4878 1172 4944 ἕλοι
1195 4879 1323 4954 habent,
1345 4875 1459 4944 ἀνέλοι
1489 4882 1598 4944 habere
1619 4881 1643 4942 ll
1666 4889 1697 4943 et
1719 4881 1787 4962 Cpr.
1809 4879 1938 4944 llindorl
1956 4879 1987 4942 in

285 4991 414 5056 editione
435 4991 531 5055 Oxou.
554 4995 649 5058 allert.
674 4993 828 5057 liehdanta
850 4995 977 5058 coniecit
999 4995 1158 5076 genuinam
1182 4995 1344 5059 lectionem
1375 4992 1468 5055 luisse
1490 4989 1531 5057 ἄν
1552 4991 1641 5065 llos,
1667 4991 1747 5074 quod
1775 4993 1843 5080 llug
1865 4993 1898 5057 in
1919 4992 1988 5072 Cpr.

284 5123 316 5166 se
337 5103 442 5184 legisse
463 5105 610 5183 aldrmat3
640 5106 697 5168 hoc
718 5107 800 5170 enim
828 5107 893 5170 loco
920 5107 994 5172 duas
1017 5111 1218 5172 correctiones
1239 5107 1272 5170 in
1295 5109 1327 5170 C.
1350 5127 1383 5170 se
1406 5105 1575 5187 excepisse,
1608 5121 1735 5186 quarum
1763 5110 1851 5188 peior
1878 5100 1992 5167 ἀνέλοι

284 5217 423 5290 dedisset,
446 5217 536 5282 altem
558 5214 601 5283 ἂν
622 5219 699 5282 linea
720 5227 889 5284 transversa
910 5219 1076 5297 delevisset,
1098 5231 1134 5286 nt
1155 5221 1364 5286 restitueretur
1387 5215 1457 5282 llos
1479 5219 1664 5302 reliquorum
1685 5215 1857 5303 hbrorum,

1761 5323 1783 5378 2
