4526 5848
689 521 774 616 Cpr,
790 543 822 598 A.

335 639 363 714 3,
387 643 421 704 ὃς
444 644 636 708 πείθεσθαι

334 755 363 829 3,
388 757 444 818 12:
467 777 524 820 om.

333 871 362 942 5,
386 871 422 930 2:
444 867 598 934 πλεῖστοι
621 868 693 936 ὄνοι
717 869 827 956 ἄγριοι

1020 363 1244 428 ..15-

1349 543 1447 618 Ccorr,
1471 547 1603 625 (semper
1625 549 1688 608 lere
1711 546 1756 628 B).

1234 655 1426 718 πείθεσθαι
1449 651 1528 720 οὐδὲ
1550 659 1698 721 ἔπεσθαι

1235 764 1333 849 φίλος

1234 877 1389 944 πλεῖστοι
1410 879 1472 964 μὲν
1494 877 1567 946 ὄνοι
1589 879 1700 967 ἄγριοι
1773 898 1776 908 “

333 982 362 1054 5,
386 979 422 1044 8:
447 977 490 1056 ὣς
1235 987 1271 1066 ὃς

333 1093 363 1167 5,
388 1095 442 1155 16:
467 1091 703 1180 κατακόψεσθε
1235 1103 1508 1192 κατανενόψεσθο
1529 1108 1566 1172 B:
1590 1099 1848 1194 ναταιιόψεσθαι

333 1205 362 1280 6,
385 1207 421 1269 5:
445 1201 563 1291 ὄροντο
585 1209 622 1288 (A
644 1206 775 1292 όρόντα)
1236 1214 1373 1301 ὄρόντοο

333 1319 363 1392 6,
389 1319 442 1380 1οε
468 1323 668 1404 προθέσθαι
1236 1333 1458 1417 προσθέσθαι

333 1430 362 1504 9,
386 1431 419 1492 6:
442 1431 500 1507 τὰς
523 1429 659 1510 ὠτειλὰς
1233 1447 1292 1522 τὰς
1315 1441 1451 1519 ὠτειλὰς
1473 1443 1619 1530 φανερός

333 1543 363 1619 9,
388 1539 552 1630 περισσῷ
1234 1556 1345 1624 adroic

333 1656 362 1731 9,
385 1658 440 1720 21:
463 1655 667 1724 αἰσθάνοιτο
690 1664 828 1728 ἕκαστον
1235 1676 1373 1736 ἕκαστον
1395 1666 1595 1734 αἰσθάνοιτο

335 1771 383 1845 10,
406 1772 439 1831 5:
462 1773 611 1854 πέμποιε
1235 1789 1405 1868 πέμποιεν

335 1883 384 1958 10,
406 1883 441 1944 9τ
465 1883 695 1970 κατακόψειαν
1234 1895 1439 1982 όιακόψειαν

335 1995 383 2070 10,
409 1998 461 2059 15;
485 1991 688 2076 ἀπαγγεῖλαι
1234 2006 1437 2090 ἀπαγγέλλει

335 2110 383 2182 10,
409 2112 466 2172 17:
488 2131 547 2174 om.
1235 2119 1294 2188 οὖν

335 2223 383 2296 10,
408 2222 463 2285 19:
487 2219 595 2288 αὐτῶν
1233 2237 1299 2300 τῶν

421 2336 551 2418 Triginta
577 2339 668 2418 igitur
696 2341 766 2403 locis
789 2342 857 2422 Cpr.
886 2345 1036 2408 consentit
1063 2367 1131 2410 cum
1159 2349 1260 2412 codice
1282 2351 1323 2420 A,
1351 2349 1376 2410 si
1403 2366 1438 2410 eo
1467 2364 1590 2409 numero
1618 2346 1846 2427 comprehendis
1868 2363 1976 2410 novem

279 2447 370 2524 locos,
393 2449 505 2531 quibus
528 2453 593 2532 Cpr.
617 2473 685 2515 cum
709 2463 837 2536 utroque
860 2457 945 2531 libro,
967 2461 991 2520 A
1013 2470 1043 2522 et
1064 2461 1096 2534 B,
1118 2463 1276 2524 consentit.

420 2561 518 2626 Lectio
541 2566 650 2628 codicis
673 2567 738 2648 Cpr.
761 2569 879 2632 lectioni
902 2571 967 2633 cod.
990 2573 1015 2634 A
1036 2573 1141 2636 similis
1164 2585 1210 2637 est
1231 2575 1261 2650 4,
1280 2577 1310 2636 1:
1333 2574 1401 2654 Cpr.
1416 2570 1475 2656 τὴν
1489 2567 1654 2655 θαλάττρ,
1678 2569 1776 2654 Arsit*
1790 2565 1975 2646 θάλατταν,

279 2675 375 2736 Cwlf·
398 2675 446 2756 (B)
466 2675 505 2766 τῇ
520 2674 688 2763 caculaeq,
712 2681 741 2756 6,
758 2681 792 2743 8:
816 2683 882 2763 Cpr.
901 2677 933 2766 ἢ,
956 2681 1025 2768 Ari,
1048 2686 1145 2749 Ccorr.
1161 2687 1208 2766 (Β)
1224 2682 1261 2771 ἧς
1285 2688 1335 2762 10,
1351 2687 1385 2748 6:
1409 2687 1474 2768 Cpr.
1493 2681 1705 2770 προσιόντας,
1729 2680 1976 2768 Απροσιόντες,

278 2785 377 2849 Ccorr.
401 2789 449 2868 (B)
473 2787 700 2874 προσιόντος,

421 2901 488 2983 Cpr.
519 2903 597 2966 idern
626 2905 714 2968 babet
741 2907 822 2988 quod
850 2909 873 2970 B
903 2909 934 2982 4,
961 2909 1016 2972 tu:
1046 2913 1163 2996 μέχρισ
1190 2913 1301 2986 (Ccorr.
1329 2915 1370 2974 A:
1402 2911 1518 2994 μέχρι).
1564 2911 1666 2990 ltaque
1688 2910 1792 2972 decem
1814 2909 1886 2972 locis
1909 2908 1975 2991 Cpr.

278 3031 345 3074 cum
367 3013 390 3075 B
413 3017 567 3078 consentit.

420 3127 501 3202 Quae
524 3149 591 3192 cum
614 3131 652 3193 ita
675 3132 744 3206 sint,
767 3153 944 3215 persuasum
967 3133 1040 3199 mibi
1062 3146 1108 3199 est
1129 3138 1259 3200 codicem
1282 3140 1350 3220 Cpr.
1373 3137 1467 3200 codici
1488 3137 1512 3198 A
1534 3135 1776 3218 propinquiorem
1800 3149 1977 3215 essequam

278 3239 372 3302 codici
401 3241 433 3302 B.
485 3243 544 3304 Sed
574 3245 680 3307 adduci
709 3265 771 3308 non
798 3267 938 3328 possum,
972 3261 1006 3312 ut
1034 3253 1151 3314 credam
1180 3251 1312 3314 codicem
1339 3253 1363 3313 A
1390 3251 1540 3331 aliquanto
1568 3248 1764 3311 recentiorem
1793 3267 1858 3310 esse
1887 3265 1978 3328 quam

278 3353 408 3416 codicem
432 3355 469 3428 B,
498 3357 578 3436 quod
600 3359 749 3421 Arnoldus
772 3361 837 3441 llug
864 3379 900 3423 ex
930 3364 1147 3444 supplementis
1174 3364 1305 3444 collegit,
1333 3383 1408 3445 quee
1437 3382 1453 3424 a
1481 3369 1649 3425 correctore
1671 3361 1800 3442 quodam
1817 3359 1977 3422 nonnullis

278 3466 363 3528 annis
386 3475 454 3547 post
479 3467 559 3529 1462
583 3471 676 3532 codici
699 3471 720 3534 C
743 3471 822 3535 illata
845 3475 875 3535 in
898 3473 998 3538 codice
1020 3480 1044 3538 A
1065 3477 1277 3552 invenirentur,
1299 3477 1330 3538 in
1353 3475 1452 3538 codice
1475 3475 1498 3536 B
1519 3493 1580 3537 non
1601 3475 1821 3536 invenirentur.

420 3579 488 3643 lllae
511 3591 611 3646 autem
634 3585 830 3648 correctiones
853 3587 961 3650 codicis
977 3590 1013 3663 C,
1037 3609 1112 3671 quae
1134 3591 1258 3653 suntin
1281 3589 1419 3653 codiceB
1441 3605 1539 3670 neque
1559 3595 1631 3650 sunt
1652 3587 1683 3650 in
1700 3587 1799 3649 codice
1822 3583 1856 3659 A,
1880 3583 1978 3647 minus

277 3693 399 3773 antiqua
427 3713 519 3756 manu
546 3717 610 3759 esse
639 3699 765 3780 scriptae
793 3719 881 3782 quam
912 3710 1028 3766 ceterae
1050 3703 1247 3778 correctiones
1269 3713 1315 3778 et,
1343 3711 1501 3784 postquam
1526 3699 1618 3763 codex
1639 3701 1664 3761 A
1686 3699 1851 3780 descriptus
1873 3701 1920 3760 cst
1942 3715 1977 3758 cx

278 3807 377 3868 codice
400 3808 431 3882 C,
453 3809 523 3871 huic
553 3810 647 3872 codici
675 3812 812 3874 admotae
835 3833 901 3876 esse
924 3815 1074 3888 ridentum
1098 3817 1150 3878 sed
1172 3817 1229 3877 hoc
1250 3815 1418 3878 discernere
1442 3814 1594 3876 neminem
1617 3831 1705 3893 posse
1726 3820 1797 3893 puto
1819 3809 1877 3872 nisi
1898 3809 1978 3871 viros

277 3919 390 3994 doctus,
412 3922 462 4000 qui
485 3922 617 3984 codicem
642 3925 663 3986 C
685 3925 784 4006 ipsum
807 3926 870 3988 suis
895 3928 987 3990 oculis
1009 3929 1267 4008 perlustraverunt
1289 3937 1340 3991 aut
1361 3927 1592 4008 perlustrabunt.

419 4035 474 4096 Sed
505 4045 537 4098 ut
563 4037 663 4116 paneis
694 4040 888 4119 complectar,
911 4059 986 4120 quae
1009 4041 1163 4122 explicavi,
1186 4041 1262 4103 hanc
1285 4059 1349 4102 esse
1371 4040 1517 4102 rationem
1542 4037 1695 4110 existimo,
1717 4055 1774 4117 qua
1797 4033 1978 4116 ingenuino

278 4147 414 4210 oratione
430 4147 642 4232 Xenophonteo
659 4153 868 4216 constituenda
885 4159 1005 4214 utamur
1020 4171 1141 4216 necesse
1157 4163 1211 4216 est.
1242 4153 1378 4216 Codicem
1394 4153 1460 4234 Cpr.
1477 4151 1544 4234 plus
1558 4149 1743 4213 auctoritatis
1757 4149 1866 4212 babere
1881 4147 1980 4208 codice

278 4259 377 4320 Ccorr.
402 4261 502 4323 multis
525 4264 666 4343 exemplis
688 4265 933 4346 argumentisque
955 4266 1180 4330 demonstrasse
1202 4266 1274 4328 mibi
1296 4265 1404 4328 videor.
1443 4266 1600 4327 Praeterea
1621 4265 1654 4324 in
1668 4260 1819 4344 prioribus
1833 4259 1980 4342 capitibus

277 4391 329 4434 sex
356 4372 422 4434 libri
449 4373 539 4454 primi
567 4375 658 4438 codex
688 4377 754 4457 Cpr.
785 4378 1011 4456 diligentissime
1037 4379 1253 4460 comparandus
1280 4387 1324 4441 est
1351 4397 1419 4441 cum
1449 4377 1549 4440 codice
1578 4377 1612 4438 ll.
1657 4376 1714 4450 Qui
1743 4373 1811 4437 libri
1832 4373 1884 4436 ubi
1905 4391 1980 4434 con-

277 4485 421 4560 sentiunt,
444 4487 618 4568 plerumque
639 4491 716 4552 salva
738 4491 795 4552 fide
810 4490 954 4554 lectiones
975 4491 1108 4572 recipere
1122 4509 1297 4573 possumus;
1312 4491 1364 4554 ubi
1379 4491 1568 4569 dissentiunt,
1584 4505 1640 4552 nos
1655 4488 1797 4550 lectiones
1812 4485 1978 4567 ponderare

277 4603 404 4679 oportet,
435 4599 541 4681 quibus
572 4601 643 4663 locis
672 4603 751 4682 quod
780 4603 949 4683 intellegam
973 4605 1064 4666 codex
1087 4605 1154 4686 Cpr.
1176 4601 1264 4666 habet
1286 4605 1353 4685 plus
1375 4603 1556 4666 auctoritatis
1578 4619 1668 4684 quam
1691 4601 1784 4662 codex
1806 4595 1840 4662 D.
1883 4597 1980 4660 Etiam

278 4711 307 4772 in
344 4713 560 4794 posterioribus
592 4714 737 4794 capitibus
772 4723 913 4796 quattuor
945 4734 1050 4779 censeo
1077 4717 1219 4780 lectiones
1249 4717 1358 4780 codicis
1388 4718 1455 4798 Cpr.
1484 4715 1659 4778 lectionibus
1687 4711 1795 4774 codicis
1825 4710 1924 4772 Ccorr.
1951 4717 1982 4770 et

276 4824 402 4887 aliorum
430 4837 589 4908 praestare.
634 4827 673 4890 lis
699 4829 772 4890 locis
800 4828 866 4891 libri
894 4829 998 4910 primi,
1029 4830 1139 4912 quibus
1161 4830 1270 4892 codicis
1293 4829 1359 4912 Cpr.
1384 4829 1468 4891 lectio
1491 4825 1724 4891 correctionibus
1747 4825 1903 4886 obscurata
1925 4831 1980 4894 est,

276 4946 311 4999 ut
339 4959 478 5002 eruamus
507 4940 664 5003 lectionem
687 4941 861 5020 genuinam,
884 4943 914 5006 in
937 4943 1038 5024 priore
1061 4953 1144 5024 parte
1166 4942 1338 5024 saepissime
1360 4943 1451 5004 codex
1474 4941 1515 5013 ll,
1546 4941 1659 5020 aliquot
1681 4937 1753 5002 locis
1775 4937 1868 5000 codex
1890 4937 1924 5005 A,
1946 4934 1979 4996 iu

276 5053 440 5132 posteriorc
471 5063 556 5134 parte
588 5055 654 5116 libri
688 5055 781 5118 codex
808 5056 830 5116 A
863 5056 946 5119 solus
980 5055 1066 5118 nobis
1099 5055 1218 5119 utilitati
1250 5074 1316 5118 esse
1348 5063 1463 5136 potest,
1499 5053 1577 5134 quod
1606 5053 1686 5114 bunc
1711 5051 1820 5114 librum
1854 5047 1979 5128 propin-

277 5165 412 5245 quiorem
437 5185 501 5229 esse
524 5177 597 5247 puto
621 5167 716 5230 codici
738 5167 805 5249 Cpr.
828 5187 918 5249 quam
942 5177 1057 5232 ceteros
1079 5169 1203 5231 codices.
