4526 5848
994 277 1193 338 -7..

248 475 347 540 neque
377 455 504 518 Graecos
539 454 717 538 pronomine
748 447 849 526 αὐτός
879 454 937 534 uti,
973 453 1022 516 ubi
1050 453 1223 518 vocabulum
1253 456 1346 520 semel
1373 456 1502 538 positum
1530 455 1576 520 bis
1606 456 1835 538 intellegendum
1862 457 1942 540 sit1).

248 571 291 632 Ad
315 569 396 632 bunc
417 568 597 630 Graecorum
621 587 706 630 usum
731 567 863 648 exempla
886 568 1016 630 invenies
1039 568 1115 650 apud
1138 567 1329 632 lluehnernm
1353 569 1524 646 (Grammat
1549 569 1668 632 maxim.
1691 570 1838 651 §597b).

392 679 458 756 5,9
480 681 582 744 eadem
605 681 643 742 dc
666 699 753 743 causa
776 699 844 744 cum
868 679 1042 744 melioribus
1064 681 1214 744 codicibus
1230 681 1296 762 Cpr.
1313 681 1346 744 ll.
1362 683 1395 744 V.
1417 681 1458 771 τῇ
1480 680 1644 763 βασιλέως
1659 677 1741 766 ἀρχή
1754 683 1943 748 scribendum

251 813 315 858 esse
345 795 452 876 opinor
473 795 523 870 ita,
547 803 580 858 ut
601 793 717 858 dativus
739 793 919 874 adiungatur
940 793 1089 875 prioribus
1111 793 1208 856 verbis
1230 796 1427 879 προσέχοντι
1449 792 1507 859 τὸν
1527 794 1620 870 νοῦν,
1650 815 1726 878 quae
1748 798 1944 862 conformatio

252 908 408 972 verborum
437 907 600 990 simplicior
621 907 693 970 mibi
717 906 833 970 ridetur
856 925 932 986 esse,
957 913 986 970 et
1008 907 1045 970 ad
1066 907 1199 989 proxima
1222 908 1310 970 verba
1335 905 1455 989 ἰσχυρὰ
1475 901 1560 972 οὖσα
1582 909 1720 972 audiatur
1744 910 1945 975 nominativus

253 1017 275 1107 ή
295 1019 460 1104 βασιλέως
482 1012 574 1104 ἀρχή.
617 1019 656 1106 τῇ
678 1015 842 1101 βασιλέως
864 1012 949 1109 ἀρχή
970 1020 1098 1102 probant
1120 1019 1260 1096 Schenkl,
1282 1021 1444 1094 llebdantz‚
1467 1020 1672 1087 Breitenbaob.

394 1135 424 1206 6,
449 1135 468 1194 'l
498 1143 528 1196 et
553 1133 583 1208 6,
608 1132 627 1196 8
663 1134 805 1196 omittunt
833 1133 866 1196 1).
890 1133 957 1216 Cpr.
986 1134 1143 1196 ardeulum
1172 1129 1193 1196 ἀ
1219 1142 1286 1198 ente
1315 1125 1461 1218 ἀρόντας.
1506 1135 1581 1198 Cum
1610 1135 1749 1200 articulus
1775 1135 1946 1200 nominibus

251 1247 380 1332 propriis
403 1257 433 1310 et
455 1245 575 1327 adiungi
597 1253 629 1308 et
651 1264 713 1309 non
735 1245 855 1327 adiungi
878 1247 981 1330 possit,
1005 1245 1117 1321 dubito,
1141 1265 1213 1311 num
1236 1247 1269 1310 ll.
1293 1248 1359 1329 Cpr.
1383 1248 1537 1312 moliorem
1559 1249 1717 1312 lectionem
1739 1248 1874 1312 babeant.

395 1361 488 1424 Venio
516 1361 553 1424 ad
575 1359 654 1422 aliud
676 1377 770 1440 genna
793 1359 936 1422 locorum.
981 1359 1056 1424 Cum
1080 1360 1263 1424 liebdantaio
1285 1360 1364 1426 enim
1388 1379 1511 1434 censeo,
1546 1362 1699 1424 nonnullis
1720 1361 1807 1438 locis,
1841 1361 1948 1443 quibus

253 1474 321 1556 Cpr.
344 1483 373 1536 et
394 1472 418 1535 D
441 1472 549 1556 aliquid
573 1471 724 1546 omittunt,
746 1491 763 1533 a
784 1471 903 1536 librario
926 1472 1075 1555 archetypi
1097 1473 1231 1536 codicum
1254 1474 1352 1536 Ccorr.
1375 1483 1405 1537 st
1419 1474 1600 1556 reliquorum
1616 1475 1797 1539 deteriorum
1813 1475 1948 1540 codicum

254 1587 341 1650 verba
365 1585 464 1650 addita
486 1604 560 1658 esso,
582 1593 617 1648 ut
631 1585 687 1648 loci
702 1585 808 1648 fierent
822 1585 970 1648 faciliores
993 1585 1030 1648 ed
1059 1585 1298 1667 intellegendum.
1344 1586 1381 1650 Ut
1412 1589 1438 1661 1,
1462 1589 1499 1649 11
1522 1583 1611 1674 αὐτῷ
1632 1587 1861 1667 llebdantziusl)
1888 1607 1948 1652 non

253 1700 375 1782 probat,
397 1717 486 1781 quam
508 1697 539 1760 in
560 1698 740 1760 sententiam
763 1698 862 1761 ierunt
884 1697 959 1778 Hug,
983 1697 1109 1780 Sauppe,
1132 1699 1270 1774 Schenkl,
1293 1699 1495 1764 Breitenbach.

398 1809 511 1875 Eodem
533 1811 623 1874 modo
645 1810 710 1884 2,5
734 1829 839 1874 censeo
863 1806 965 1894 παρὰ,
987 1830 1046 1894 quo
1068 1811 1158 1874 verbo
1182 1812 1321 1876 carentll
1343 1821 1372 1876 et
1387 1813 1464 1896 Cpr,
1487 1814 1588 1878 aliems
1607 1813 1704 1878 vorbis
1719 1815 1852 1878 additum
1869 1833 1951 1893 csse;

256 1922 388 1992 ἀκούειν
413 1920 502 2000 τινός
525 1925 605 1988 onim
626 1924 647 1986 i.
663 1945 690 1988 e.
713 1924 815 1986 audire
836 1923 873 1986 ab
895 1924 993 2006 aliquo
1014 1925 1121 2006 legitur
1146 1927 1173 1998 1,
1197 1924 1226 2000 8,
1251 1924 1304 2002 13,
1337 1929 1364 2002 1,
1389 1928 1438 2002 10,
1460 1927 1497 2005 5;
1523 1927 1553 2004 4,
1578 1929 1605 2003 1,
1629 1927 1658 2004 3,
1681 1927 1788 2010 quibus
1809 1926 1950 1992 omnibus

255 2043 328 2106 locis
354 2040 420 2104 libri
451 2039 652 2102 consentiunt.
702 2037 797 2100 Etiam
826 2037 856 2110 2,
877 2037 907 2112 5,
936 2037 984 2111 16,
1015 2037 1067 2100 ubi
1095 2032 1229 2104 ἀκούειν
1255 2035 1346 2114 τινός
1370 2061 1404 2102 τι
1426 2039 1568 2114 invenies,
1599 2058 1703 2104 omnes
1734 2041 1849 2104 codices
1870 2040 1950 2103 idem

256 2154 377 2218 babent.
421 2153 614 2234 Exemplum,
645 2150 725 2233 quod
749 2149 926 2214 llnebnerus
949 2149 1094 2230 (Cramm.
1117 2146 1237 2216 maxim.
1260 2153 1354 2227 §417
1378 2153 1410 2216 A.
1427 2152 1460 2230 8)
1489 2153 1584 2228 affert,
1615 2153 1654 2216 de
1679 2153 1736 2217 boc
1761 2153 1827 2216 loco
1849 2153 1893 2234 (2,
1908 2153 1951 2236 5),

256 2285 316 2350 quo
337 2266 424 2330 lectio
447 2266 534 2330 dubia
558 2274 613 2340 cst,
636 2263 828 2346 deprompsit.

399 2379 442 2442 lle
464 2377 529 2454 3,6
552 2379 587 2441 τέ
609 2379 787 2442 sententiam
812 2376 1025 2442 Breitenbacbii
1048 2384 1078 2440 et
1100 2377 1274 2442 Rebdantaii
1296 2377 1412 2452 accedo,
1434 2379 1486 2460 qui
1508 2397 1576 2442 cum
1592 2378 1659 2460 Cpr.
1682 2378 1750 2442 etll
1771 2378 1951 2442 sententiam

257 2493 457 2558 Bornemanni
479 2492 573 2556 secuti
596 2486 674 2556 οὐδὲ
696 2492 845 2556 ἔπεσθαι
867 2491 1059 2554 secluserunt.
1089 2491 1180 2554 Recte
1201 2491 1310 2554 iudicat
1323 2491 1517 2555 Breitenbaeh
1532 2491 1621 2554 etiam
1637 2491 1801 2554 Commeat.
1816 2492 1850 2568 ll,
1866 2492 1896 2567 2,
1914 2493 1965 2553 ll.

258 2607 398 2670 damnare
429 2605 564 2668 meliores
591 2604 682 2668 libros
708 2604 791 2689 μήθ’
818 2606 964 2670 ἔπεσθαι
992 2613 1060 2668 ante
1089 2601 1173 2688 μηδὲ
1200 2604 1410 2681 πείθεσθαι,
1439 2623 1514 2687 qnae
1540 2603 1628 2667 verba
1650 2605 1767 2687 saepius
1789 2625 1805 2667 a
1826 2603 1953 2668 librariis

257 2725 473 2802 permutentur.
519 2718 582 2782 lloc
610 2719 674 2782 loco
705 2719 852 2782 έπεσθαι
879 2717 1096 2800 interpretandi
1123 2735 1210 2782 causa
1238 2718 1363 2798 margini
1390 2718 1588 2800 adscriptum,
1619 2719 1725 2782 deindo
1746 2717 1846 2781 addito
1868 2714 1953 2801 μηδὲ

257 2833 290 2895 in
310 2831 470 2895 verborum
494 2831 628 2894 ordinem
650 2840 801 2914 receptum
823 2831 924 2896 rideri.

403 2945 432 3022 3,
452 2946 489 3007 17
512 2945 648 3010 existimo
670 2939 788 3019 αὐταῖς
809 2953 879 3008 ante
899 2941 972 3018 ταῖς
993 2941 1141 3028 τριήρεσι
1163 2964 1179 3007 a
1195 2945 1387 3025 grammatico
1403 2945 1541 3026 quodam,
1558 2944 1609 3026 qni
1624 2943 1744 3008 nimiam
1760 2943 1952 3008 subtilitatem

260 3065 408 3124 ostentare
437 3058 569 3133 volebat,
599 3057 733 3124 additum
761 3077 834 3122 esse.
878 3057 953 3120 Nam
981 3065 1102 3141 apparet
1130 3059 1266 3120 triremes
1300 3055 1472 3142 (τριήρεσι)
1500 3076 1566 3122 esse
1593 3058 1670 3140 Cyri,
1692 3075 1782 3120 naves
1804 3056 1953 3120 onerarias

262 3169 392 3250 (πλοῖα)
423 3191 489 3236 esan
518 3171 705 3236 Graecorum.
757 3172 869 3236 Eodem
898 3171 987 3234 modo
1014 3171 1167 3246 triremes,
1194 3171 1302 3252 quibus
1332 3172 1424 3253 Cyrus
1451 3172 1589 3254 persequi
1615 3169 1729 3234 volebat
1757 3171 1898 3247 Graecos,
1925 3179 1955 3233 et

259 3303 348 3350 naves
363 3287 525 3362 onerariae,
542 3285 649 3369 quibus
665 3285 767 3349 Graeci
789 3283 946 3366 fugiebant,
969 3285 1180 3348 discernuntur
1202 3286 1231 3359 4,
1247 3285 1283 3345 7:
1305 3281 1361 3347 ναὶ
1377 3282 1495 3358 Ξενέας
1516 3283 1573 3346 καλ
1590 3287 1729 3348 Πασίων
1742 3317 1785 3330 --
1798 3277 1956 3366 ἐμβάντες

260 3390 306 3473 εἰς
338 3397 458 3466 πλοτον
487 3435 528 3448 -
555 3395 774 3464 ἀπέπλευσαν
804 3407 834 3461 et
860 3397 1012 3462 nonnullis
1041 3397 1174 3460 versibus
1199 3397 1291 3460 infra:
1324 3395 1446 3481 διῆλθε
1473 3394 1583 3475 λόγος,
1613 3389 1666 3461 ὅτι
1694 3389 1811 3461 drusae
1838 3391 1957 3470 αὐτούς

266 3513 371 3600 Κῦρος
392 3511 558 3600 τριήρεσι·
581 3522 611 3578 et
633 3516 662 3587 4,
678 3511 712 3574 8:
734 3509 796 3592 ἔχω
817 3509 881 3596 reip
902 3507 1044 3595 τριήρεις
1067 3503 1149 3574 ἀστε
1166 3507 1255 3576 ἑλετν
1275 3509 1312 3575 το“
1335 3507 1469 3576 ἐκείνων
1489 3508 1624 3588 πλοῖον,
1647 3513 1682 3573 cf
1707 3511 1743 3573 sd
1765 3511 1845 3574 bunc
1858 3509 1955 3572 locum

261 3629 413 3693 Rebdantz
434 3629 453 3692 l.
469 3628 489 3690 l.
511 3647 541 3710 p.
557 3627 598 3690 45
621 3635 651 3690 et
672 3624 888 3689 Breitenbacbii
910 3625 1165 3688 commentarium.

405 3743 509 3816 3,17:
533 3735 640 3804 οἷόντε
662 3740 698 3804 ab
720 3739 932 3820 interpolatore
953 3739 1087 3802 additum
1111 3756 1176 3800 esse
1198 3757 1265 3801 cnm
1287 3737 1423 3820 plurimis
1446 3735 1660 3801 recentioribus
1684 3735 1849 3800 editoribus
1871 3735 1958 3816 (ling,

262 3855 466 3929 Breitenbacb,
487 3855 650 3928 llebdantz,
673 3852 814 3928 Schenkl)
839 3869 962 3928 censeo;
989 3851 1152 3934 simplicius
1175 3845 1234 3915 οὐκ
1256 3848 1350 3914 ἔσται
1372 3848 1532 3926 ἐξελθεῖν,
1556 3851 1635 3932 quod
1658 3850 1725 3932 Cpr.
1748 3849 1815 3912 etl)
1838 3848 1958 3924 babent,

262 3967 492 4051 praeferendum
515 3977 569 4030 est

407 4081 525 4156 llestat,
547 4087 581 4144 ut
602 4081 639 4142 de
661 4079 696 4143 iis
718 4077 792 4142 locis
813 4096 907 4160 agam,
931 4077 1040 4160 quibus
1063 4079 1136 4160 quin
1158 4078 1279 4142 meliora
1301 4077 1464 4160 praebeant
1485 4078 1553 4160 Cpr.
1576 4085 1607 4140 et
1628 4075 1667 4153 ll,
1689 4076 1838 4140 deteriora
1861 4076 1957 4138 Coorr.

265 4205 295 4258 et
316 4193 434 4277 reliqui,
457 4193 586 4258 dubitari
607 4211 669 4256 non
691 4211 780 4275 posse
803 4191 874 4254 mibi
895 4191 1022 4255 videtur.

407 4307 447 4370 Ut
471 4307 498 4382 1,
514 4306 550 4370 8:
573 4305 641 4388 Cpr.
658 4305 726 4368 etD
749 4305 859 4368 babent
880 4302 939 4388 τήν
962 4300 1145 4387 ἐπιβουλήν
1167 4299 1343 4393 ήσθάνετο,
1366 4303 1455 4367 ceteri
1476 4321 1612 4385 perverse
1634 4301 1691 4386 τής
1713 4299 1903 4384 λπιβοολής.

410 4421 437 4496 1,
452 4417 487 4482 9;
510 4420 596 4483 lectio
618 4420 752 4483 codicum
767 4419 832 4501 Cpr.
850 4419 916 4481 etl)
938 4411 974 4481 ἐν
998 4413 1195 4503 Χεῤῥονήσῳ
1210 4417 1250 4504 τῇ
1265 4416 1333 4480 κατ’
1349 4411 1528 4501 ἀντιπέρας
1542 4435 1598 4498 pro
1614 4415 1669 4500 τῆς
1685 4416 1753 4478 κατ’
1769 4409 1960 4496 ἀντιπέρας,

265 4533 346 4616 quod
368 4543 413 4596 est
433 4535 466 4596 in
489 4533 586 4597 Ccorr.
610 4541 640 4596 et
660 4531 791 4614 reliquis,
813 4531 1033 4595 restituendum
1056 4539 1109 4594 est.

408 4645 489 4721 2,1;
510 4645 547 4710 τὸ
568 4637 774 4729 Ἑλληνικόν·
801 4641 948 4708 ένιαῦθα
975 4641 1197 4728 παραγγέλλει
1228 4644 1294 4726 Cpr.
1323 4643 1403 4706 etl)
1430 4641 1551 4705 babent
1601 4641 1770 4704 Lectionem
1798 4640 1897 4704 Coorr.
1924 4659 1962 4702 το

261 4755 451 4844 Ἕλλήνιιιὸν
466 4757 612 4825 ἐνταῦθα
627 4755 825 4844 στράτευμα·
842 4751 1064 4842 παραγγέλλει
1079 4754 1144 4820 ιιτλ’
1160 4767 1282 4839 apparet
1296 4757 1367 4820 inde
1382 4765 1479 4820 ortam
1494 4775 1570 4830 esso,
1587 4755 1666 4837 quod
1681 4754 1819 4824 librarius
1833 4751 1966 4838 qnidam,

267 4873 318 4956 qui
340 4873 521 4938 sententiam
545 4874 638 4956 magis
661 4873 848 4956 perspicuam
869 4876 964 4937 lacere
985 4869 1112 4946 volebat,
1134 4871 1223 4936 serbo
1244 4868 1282 4934 cd
1301 4865 1490 4954 Ἑλληνικόν
1504 4868 1627 4933 verbnm
1642 4863 1835 4963 στράτευμα
1851 4862 1971 4935 eddidit

401 5139 423 5203 ¹)
441 5137 605 5202 doederlein,
623 5139 653 5189 de
671 5139 839 5208 brachylogia
857 5139 982 5192 sermonis
1001 5137 1093 5190 Graeci
1111 5145 1137 5190 et
1155 5136 1251 5190 Latini.
1287 5135 1414 5200 llrlangee
1435 5133 1509 5186 1831.
1544 5149 1568 5201 p.
1586 5133 1644 5198 deq.

402 5223 590 5288 ¹tliritiscber
607 5225 715 5292 Anhang
731 5243 764 5278 sn
782 5225 937 5295 Xenophon
956 5226 1089 5278 beaberis.
1127 5223 1214 5277 Berlin
1234 5221 1308 5274 1666.
1344 5237 1367 5288 p.
1384 5221 1427 5272 42.
