4526 5848
1031 363 1228 426 -6-

285 541 427 604 elflciatur
448 549 483 606 ut
504 539 623 622 rssdgia
645 539 780 604 lectionis
801 539 948 621 genuinae
971 539 1151 621 colligamus.
1195 539 1230 603 ln
1245 539 1310 620 Cpr.
1339 539 1419 602 enim
1441 539 1550 622 ahquid
1571 559 1671 603 rasum
1694 549 1740 603 est
1759 549 1829 622 post
1849 541 1976 607 verbum

285 642 392 738 αύτῷ,
421 654 503 717 cuius
532 653 612 716 verbi
640 653 755 716 litterae
782 647 825 714 αὖ
853 661 883 716 et
913 651 939 714 oi
967 653 1047 736 ipsae
1076 651 1200 716 suntin
1222 671 1341 728 rasura;
1363 652 1387 714 h
1409 653 1520 716 omittit
1542 652 1581 715 el.
1624 651 1699 716 Vere
1721 653 1811 733 igitur
1831 653 1976 716 iudicasse

285 767 423 830 existimo
445 767 704 830 Breitenbachium
725 765 956 847 Xenophontem
985 767 1084 847 ipsum
1110 761 1199 850 αὐτῷ
1229 765 1261 828 εἰ
1286 763 1362 849 δοίη
1394 765 1557 848 scripsisse.
1601 767 1630 840 6,
1645 766 1679 828 9:
1707 765 1831 828 verbum
1858 763 1976 852 φίλους

286 899 385 944 errore
408 879 564 944 manifesto
586 879 731 942 omissum
755 888 809 941 est.
853 878 911 942 Sed
933 879 990 940 hoc
1011 897 1131 960 quoque
1152 879 1216 940 loco
1239 878 1326 942 lectio
1349 879 1483 942 codicum
1499 879 1566 961 Cpr.
1589 879 1657 942 eth
1681 879 1760 942 utilis
1784 899 1848 943 esse
1869 879 1908 942 ad
1927 879 1976 942 in·

286 993 485 1074 vestigandam
516 1011 616 1056 reram
648 992 805 1056 lectionem
839 991 963 1054 videtur.
1017 991 1189 1054 Pronomen
1223 982 1317 1065 οὗτος
1348 1011 1436 1074 saepe
1464 993 1587 1054 moleste
1608 993 1722 1056 illatum
1745 999 1796 1055 aut
1817 992 1978 1074 repetitum

287 1125 351 1168 esse
374 1105 543 1169 Dindorlius
563 1107 596 1168 in
617 1105 748 1168 editione
769 1103 913 1186 Lipsiensi
937 1123 965 1186 p.
980 1102 1071 1166 xvlfl
1093 1111 1255 1182 memorat3
1277 1103 1334 1166 hoc
1355 1105 1419 1166 loco
1436 1123 1451 1167 a
1466 1105 1556 1168 verbo
1570 1099 1704 1179 τούτους
1720 1103 1843 1168 verbum
1859 1102 1979 1189 φίλους

286 1219 318 1282 in
340 1220 492 1282 communi
514 1219 671 1300 archetypo
693 1217 828 1280 codicum
844 1217 910 1299 Cpr.
934 1218 1001 1280 etl)
1023 1216 1195 1280 submotum
1219 1237 1283 1280 esse
1304 1217 1460 1298 videtur¹).
1505 1217 1672 1282 Cenuinam
1695 1229 1797 1283 autem
1818 1219 1979 1282 lectionem

287 1329 405 1415 φίλους
426 1332 459 1395 in
480 1331 639 1413 archetypo
660 1329 843 1414 reliquorum
866 1331 1001 1394 codicum
1017 1330 1060 1392 vel
1076 1331 1168 1393 luisse
1182 1332 1237 1404 vel
1252 1340 1287 1394 nt
1301 1330 1368 1410 llug
1383 1329 1553 1406 arbitratur,
1569 1331 1736 1395 restitutam
1753 1351 1817 1395 esse
1831 1331 1978 1406 existimo,

286 1445 460 1526 praesertim
488 1464 555 1508 cum
583 1445 616 1507 in
645 1443 747 1508 codice
770 1443 992 1507 vindobonensi
1018 1439 1153 1518 τούτους
1180 1462 1268 1526 supra
1296 1463 1415 1508 versum
1444 1445 1577 1508 additum
1600 1463 1665 1508 esse
1688 1445 1818 1508 Schenkl
1841 1455 1978 1510 testetur.

287 1557 389 1641 ltaque
410 1553 544 1632 τούτους
565 1559 623 1620 hoc
644 1559 708 1620 loco
732 1557 887 1620 delendum
910 1575 1024 1620 censeo.

433 1671 516 1734 Locis
544 1689 620 1753 quos
642 1669 727 1734 attuli
749 1670 837 1734 lectio
860 1671 967 1734 codicis
983 1671 1049 1752 Cpr.
1072 1689 1253 1752 quamquam
1274 1669 1392 1751 probari
1414 1688 1476 1734 non
1497 1679 1606 1753 potest,
1629 1679 1760 1735 attamen
1783 1672 1861 1735 utilis
1884 1681 1931 1734 est
1943 1672 1981 1734 ad

288 1783 493 1866 reperiendam
520 1783 678 1848 lectionem
706 1785 874 1866 genuinam.
918 1783 990 1846 aliis
1016 1783 1088 1846 locis
1109 1784 1197 1846 lectio
1220 1783 1355 1848 codicum
1378 1785 1445 1865 Cpr.
1469 1793 1498 1846 et
1519 1785 1543 1847 Ι)
1565 1785 1632 1866 plus
1653 1785 1751 1848 valere
1772 1784 1847 1848 mihi
1869 1783 1982 1847 ridetur

294 1899 408 1960 ectione
432 1905 599 1960 ceterorum
621 1897 766 1972 codicum,
787 1897 907 1960 tametsi
929 1897 1060 1960 concedo
1082 1897 1169 1978 plane
1191 1897 1348 1979 disceptari
1370 1915 1432 1960 non
1446 1917 1544 1980 posse,
1559 1907 1661 1962 utrum
1676 1897 1723 1960 his
1738 1897 1810 1962 locis
1824 1898 1982 1980 legendum

290 2011 329 2074 sit
350 2011 429 2094 qnod
451 2010 474 2073 h
497 2011 563 2093 Cpr.
585 2011 727 2094 praebent
748 2029 786 2073 en
808 2011 887 2092 quod
909 2011 999 2074 ceteri
1021 2010 1136 2073 codices
1158 2011 1276 2074 habent

431 2125 517 2187 Velut
544 2124 572 2199 2,
595 2124 614 2184 5
643 2123 765 2187 verbum
793 2118 879 2188 ἑπτά
905 2131 1077 2205 suspectum
1104 2123 1212 2199 habeo,
1239 2124 1307 2205 quia
1334 2131 1448 2206 septem
1471 2141 1558 2186 naves
1580 2123 1616 2186 ad
1639 2125 1858 2188 transeundum
1880 2121 1983 2204 Tigrin

290 2237 403 2300 humen
446 2253 508 2299 non
550 2237 700 2300 suffecisse
750 2237 883 2300 arbitror.
946 2235 1022 2300 Nam
1055 2237 1091 2312 11,
1118 2238 1147 2312 4,
1181 2237 1218 2298 13
1257 2235 1361 2300 Graeci
1394 2237 1524 2300 canalem
1554 2245 1710 2300 transeunt
1743 2247 1834 2319 ponte
1869 2247 1983 2320 septem

292 2350 412 2432 navigiis
445 2351 538 2426 lacto,
571 2350 601 2426 2,
627 2351 657 2424 4,
684 2351 724 2412 24
761 2351 863 2432 Tigrin
893 2357 984 2433 ponte
1016 2349 1136 2432 triginta
1167 2361 1281 2432 septem
1317 2349 1441 2414 navibus
1472 2359 1632 2413 exstructo.
1683 2349 1715 2413 Si
1746 2349 1928 2431 reputaveris
1955 2359 1986 2412 et

292 2464 421 2526 canalem
449 2463 514 2526 sine
542 2462 632 2527 dubio
660 2463 860 2543 angustiorem
888 2464 979 2526 luisse
1001 2461 1159 2527 llaeandro
1188 2463 1310 2526 llumine
1338 2473 1368 2526 et
1389 2463 1490 2542 Tigrin
1512 2465 1624 2526 humen
1646 2483 1679 2526 eo
1701 2462 1776 2537 loco,
1798 2482 1857 2545 quo
1881 2463 1984 2526 Graeci

290 2575 470 2652 transibant,
499 2578 676 2659 quingentos
702 2577 764 2639 iere
790 2577 882 2658 pedes
908 2577 1000 2641 latum
1032 2575 1147 2655 esse¹),
1176 2575 1320 2640 concedas
1351 2587 1467 2657 septem
1495 2576 1608 2656 navigia
1634 2594 1698 2639 non
1724 2576 1890 2654 suffecisse;
1917 2595 1986 2640 nam

292 2691 400 2772 pontis,
423 2709 483 2772 quo
505 2690 599 2772 Tigris
622 2691 735 2754 humen
757 2689 945 2770 iungebatur‚
969 2690 1081 2770 navigia
1105 2690 1245 2754 tredecim
1267 2689 1330 2752 lere
1351 2690 1442 2771 pedes
1461 2689 1624 2767 distabant3
1645 2689 1746 2771 pontis
1762 2701 1871 2766 autem,
1895 2709 1986 2773 quem

292 2803 323 2864 in
345 2801 503 2866 blacandro
530 2804 653 2867 humine
675 2803 832 2885 ,haerena
862 2802 977 2883 singula
1010 2803 1123 2884 navigia
1156 2820 1173 2864 a
1206 2803 1329 2884 singulis
1352 2802 1472 2884 navigiis
1495 2802 1697 2884 duodeviginti
1718 2803 1808 2885 pedes
1831 2802 1986 2878 aluhsent,

293 2917 372 2998 qued
392 2916 522 2998 spatium
545 2917 634 2980 nimis
657 2918 780 2997 longum
801 2915 893 2979 luisse
915 2915 1000 2979 facile
1021 2916 1151 2996 intellegi
1172 2927 1280 2998 polest.

435 3027 465 3106 2,
483 3029 536 3092 13:
560 3031 627 3111 Cpr.
650 3039 681 3092 et
702 3028 726 3091 h
749 3026 903 3093 ἐντεῦθεν
925 3026 962 3093 dt
977 3023 1106 3092 diadum
1121 3029 1274 3111 praebent,
1290 3027 1372 3111 quod
1386 3027 1539 3091 Rehdantz
1554 3027 1669 3110 probat,
1686 3047 1865 3112 quamquam
1881 3027 1987 3092 ceteris

291 3142 363 3204 locis
386 3160 506 3223 semper
527 3147 588 3205 iere
610 3142 837 3224 allenopbonte
852 3139 1009 3205 ἐντεῦθεν
1023 3137 1187 3213 ἐξελαύνει
1202 3141 1346 3225 scriptum
1368 3151 1422 3205 est.
1452 3141 1623 3205 Rehdantzii
1644 3143 1810 3206 sententiae
1826 3143 1988 3220 assentiam

293 3255 367 3316 nihil
390 3255 469 3318 enim
493 3265 547 3329 est,
570 3257 649 3338 quod
664 3255 892 3336 Xenophontem
915 3257 1058 3319 hocloco
1080 3255 1247 3318 immutatio
1269 3256 1426 3319 verborum
1451 3275 1512 3318 non
1532 3255 1726 3319 delectaverit.
1764 3255 1861 3319 Etiam
1885 3255 1915 3327 7,
1933 3256 1987 3318 14:

293 3363 448 3432 ἐντεῦθεν
469 3364 506 3429 di
527 3361 691 3441 ἐξελαύνει
713 3369 824 3444 scribit,
847 3387 914 3432 cum
938 3369 1045 3433 ceteris
1067 3369 1139 3432 locis
1162 3365 1200 3432 di
1222 3385 1285 3431 non
1307 3369 1421 3432 hebeat.

435 3480 465 3556 2,
481 3479 520 3542 21
551 3500 618 3544 cum
640 3481 821 3545 llehdantzio
850 3482 974 3544 arbitror
1002 3479 1130 3564 ἔμεινεν
1159 3481 1262 3545 melius
1285 3499 1460 3563 essequam
1483 3479 1758 3564 a'pscvuupropter
1782 3473 1989 3546 verbumdso'.

295 3592 379 3666 Quod
403 3593 526 3656 verbum
550 3595 658 3676 Cyrum
680 3594 778 3676 ipsum
802 3603 952 3659 auctorem
976 3594 1113 3658 manendi
1134 3595 1226 3658 luisse
1248 3595 1412 3674 significare
1434 3595 1561 3658 ridetur.

437 3709 466 3780 4,
484 3707 503 3769 3
525 3707 610 3770 lectio
633 3707 767 3770 codicum
790 3707 856 3789 Cpr.
880 3717 911 3771 et
931 3707 955 3770 h
977 3704 1036 3771 ἐπὶ
1058 3707 1140 3772 νεῶν
1162 3708 1280 3790 (reliqui
1302 3705 1360 3770 ont
1382 3706 1447 3771 τῶν
1468 3707 1562 3784 νεῶν)
1586 3727 1710 3771 sensum
1732 3709 1856 3770 baberet
1878 3707 1990 3770 Cheiri-

294 3818 421 3900 sopbum
445 3837 507 3882 non
529 3827 608 3884 terra
629 3821 681 3884 sed
703 3821 825 3884 navibus
847 3820 1013 3898 advenisse,
1037 3821 1116 3902 quod
1138 3821 1366 3904 Xenophontem
1388 3821 1518 3883 scribere
1541 3840 1602 3883 non
1617 3821 1751 3902 potuisse
1765 3839 1828 3883 non
1843 3819 1991 3900 intellego.

439 3933 518 4009 5,1:
550 3923 644 3997 ἅπαν
672 3927 792 4015 ὁμαλὲς
820 3933 844 3996 u
872 3942 901 3996 et
932 3935 999 4016 Cpr.
1028 3935 1176 3998 exhibent.
1230 3935 1328 3998 Ccorr.
1356 3952 1411 4014 pro
1442 3933 1527 3996 elutis
1552 3933 1658 3995 litteris
1686 3935 1845 4014 postremis
1868 3929 1993 4018 ὁμαλὸν

296 4043 429 4126 praebet.
473 4045 584 4108 Hellen.
607 4046 735 4120 1v‚6,7
758 4047 867 4128 scripta
890 4057 1006 4110 exstant
1028 4049 1253 4129 κατεβίβασαν
1275 4045 1312 4110 δὲ
1335 4047 1382 4120 εἰς
1396 4045 1433 4109 τύ
1451 4043 1570 4128 ὁμαλὲς
1584 4047 1621 4108 τὸ
1638 4039 1880 4128 στρατόπεδονς
1904 4047 1991 4108 etiarn

297 4157 390 4219 hnab.
417 4157 463 4233 lt,
483 4159 512 4232 6,
535 4159 590 4220 12:
618 4153 740 4240 ὁμαλὲς
765 4158 797 4221 Β.
822 4159 852 4221 C.
875 4159 908 4221 E.
936 4159 1056 4223 habent.
1087 4196 1127 4204 -
1157 4161 1223 4233 5,5
1254 4179 1307 4240 pro
1328 4157 1387 4222 τὸν
1405 4151 1583 4242 Εὐφράτην
1606 4157 1767 4241 ποταμὸν,
1789 4159 1871 4240 quod
1894 4158 1993 4234 ceteri,

297 4268 409 4332 habent
436 4273 473 4345 ll,
495 4271 535 4344 B,
558 4271 596 4344 C,
619 4270 657 4345 h,
687 4271 711 4332 E
738 4270 831 4354 παρὰ
858 4269 916 4335 τὸν
946 4269 1131 4357 Εὐφράτην.
1182 4271 1370 4353 Quamquam
1399 4289 1504 4334 omnes
1534 4271 1661 4334 editores
1690 4271 1805 4334 codices
1834 4269 1994 4334 deteriores

298 4391 479 4462 sequuntur,
509 4393 610 4447 umen
639 4402 701 4447 non
729 4383 831 4447 dubito
862 4387 1017 4450 meliorum
1047 4387 1181 4449 codicum
1209 4386 1389 4466 scripturam
1419 4384 1581 4458 uindicare3
1609 4402 1722 4446 rnorem
1753 4385 1834 4446 enim
1856 4383 1996 4464 loquendi

298 4495 376 4575 apud
398 4495 525 4559 Graecos
551 4498 709 4571 usitatum,
739 4498 818 4580 quod
840 4499 959 4562 schema
982 4493 1050 4562 ἀπὸ
1074 4499 1187 4563 κοινοῦ
1209 4497 1392 4580 grammatici
1415 4498 1534 4572 dicunt,
1561 4497 1620 4560 hoc
1643 4497 1709 4559 loco
1732 4506 1908 4578 usurpatum
1932 4516 1997 4560 esse

299 4615 372 4688 puto
394 4608 444 4684 ita,
467 4619 501 4672 ut
521 4607 580 4673 τὸν
594 4607 776 4694 Εύφρύτην
798 4609 952 4694 ποταμὸν
974 4621 1086 4693 spectet
1107 4607 1223 4696 πρόσω
1247 4612 1283 4673 ad
1299 4607 1392 4694 παρὰ
1409 4619 1438 4672 et
1454 4605 1564 4674 ὀπίσω
1581 4611 1617 4673 ad
1632 4607 1724 4690 ἔχων.
1754 4609 1828 4672 Nam
1844 4629 1996 4692 nunquam

299 4721 362 4783 iere
382 4721 507 4785 Graecos
530 4724 576 4786 vel
597 4723 718 4788 Latinos
741 4723 899 4787 fortuitum
921 4724 1054 4788 eiusdem
1078 4725 1210 4788 vocabtdi
1233 4741 1411 4788 concursum
1434 4722 1589 4786 admittere
1605 4721 1777 4784 Doederlein
1799 4743 1867 4786 vere
1889 4723 1999 4786 iudicat

435 4961 457 5028 ²)
475 4959 508 5012 cl.
525 4959 636 5013 Schenkl
654 4961 671 5014 l.
690 4961 708 5012 l.
727 4979 751 5030 p.
766 4957 814 5014 567
834 4969 861 5013 et
877 4959 933 5024 ling
955 4961 982 5011 ln
999 4961 1158 5028 praelatione
1177 4963 1269 5014 critica
1288 4961 1410 5014 editionis
1428 4957 1579 5026 Lipsiensis.

435 5046 457 5113 2)
475 5047 675 5114 quadringentos
694 5049 856 5115 septuaginta
875 5049 952 5115 pedes
969 5047 1059 5112 Tigrin
1078 5050 1157 5100 latum
1176 5047 1258 5102 luisse
1276 5049 1361 5102 efficio
1380 5063 1412 5099 er
1430 5046 1499 5098 libro
1518 5045 1605 5097 Caroli
1624 5046 1738 5112 Aethon,
1757 5045 1811 5100 The
1829 5046 1953 5101 Anabasia
1973 5045 2002 5100 ol

302 5127 453 5197 Xenophon.
489 5133 551 5185 Now
570 5133 640 5186 York
659 5135 733 5188 1870.
769 5135 868 5202 phtt:
888 5135 1052 5200 hinaworth,
1071 5136 1203 5200 however,
1221 5136 1346 5199 remarks,
1363 5136 1421 5186 that
1438 5134 1463 5184 ia
1481 5131 1550 5196 lune,
1571 5131 1644 5200 18³6,
1661 5135 1692 5185 be
1709 5133 1786 5186 louad
1804 5136 1846 5186 the
1865 5136 1953 5200 bridge
1971 5143 1999 5188 at

303 5217 416 5282 hagiae,
440 5218 521 5269 lower
539 5219 612 5270 down
630 5221 673 5271 the
691 5222 776 5286 river,
794 5228 821 5271 to
840 5221 870 5271 be
888 5229 940 5272 two
959 5221 1073 5272 hundred
1090 5221 1139 5273 and
1158 5221 1310 5292 hilp-three
1327 5237 1402 5288 paces
1420 5220 1447 5272 in
1465 5219 1553 5284 length
1571 5219 1618 5270 aod
1635 5221 1773 5290 supported
1792 5221 1826 5289 hp
1845 5223 2000 5290 thirty-hue

303 5305 376 5356 boata
394 5303 481 5369 actlng
498 5319 526 5356 aa
543 5311 653 5372 pontons
671 5305 792 5369 (Travela
810 5321 834 5374 p.
849 5307 916 5374 114).
