4526 5848
1023 391 1242 456 ,13-

287 585 323 628 ar
338 565 427 630 verbo
442 562 611 649 δεξόμενοι
627 568 765 650 pendeat.
792 567 934 648 Equidem
950 569 1030 632 idem
1046 569 1143 632 sentio
1160 567 1237 650 quod
1252 567 1387 639 Schenkl,
1403 567 1456 629 sed
1472 567 1544 632 mibi
1561 567 1677 629 videtur
1692 565 1811 628 verbum
1825 563 1890 638 καὶ,
1903 563 1981 646 quod

287 679 465 744 servandum
489 697 554 742 esse
577 687 660 761 puto,
683 691 816 762 spectare
838 683 875 744 ad
897 683 1059 760 augendam
1083 683 1236 746 notionem
1260 682 1341 743 verbi
1356 675 1529 764 δεξόμενοι
1551 681 1601 753 ita,
1625 689 1658 742 ut
1673 679 1795 741 verbum
1811 673 1982 759 δεξόμενοι

288 792 377 855 verbo
400 791 604 875 προσιόντας
624 793 751 872 graviter
773 793 942 876 oppositum
965 795 1011 857 sit.
1056 797 1158 875 ltaque
1192 795 1288 857 locum
1323 801 1435 856 vertasa
1466 801 1500 856 ut
1521 813 1582 873 eos,
1616 791 1667 874 qui
1701 793 1847 872 impetum
1877 791 1982 854 facturi

288 911 391 968 essent
413 901 647 989 (προσιόντας),
670 906 726 987 ipsi
748 925 867 988 quoque
889 909 1059 988 exciperent
1080 905 1149 987 (καὶ
1193 903 1385 988 δεξόμενοι).
1467 895 1470 906 '

431 1016 526 1079 Etiam
551 1017 636 1092 10,u
657 1020 782 1080 verbum
804 1015 926 1102 ἐπῆγεν
948 1019 1134 1082 subtiliorem
1157 1020 1311 1082 notionem
1334 1020 1441 1082 babere
1464 1037 1586 1093 censeo,
1616 1037 1703 1100 quam
1726 1024 1760 1078 nt
1782 1017 1818 1080 ad
1842 1015 1983 1078 mendum

289 1127 400 1192 librarii
423 1129 610 1192 referendum
633 1130 682 1192 sit.
727 1129 827 1210 ltaque
861 1149 929 1194 cum
953 1132 1130 1196 Schenkelio
1163 1132 1325 1212 praeferam
1347 1126 1468 1215 ἐπῆγεν
1494 1131 1613 1193 lectioni
1639 1139 1805 1193 ceterorum
1833 1129 1984 1192 librorum.

289 1241 368 1306 Nibil
391 1242 469 1304 enim
493 1249 548 1316 est,
582 1243 661 1324 qnod
695 1243 746 1324 qui
769 1243 875 1324 recipit
910 1246 958 1318 10,
981 1245 1020 1308 16
1053 1241 1312 1330 προεληλακέναι
1345 1263 1406 1308 uno
1439 1245 1513 1310 libro
1547 1245 1613 1325 Cpr.
1646 1253 1775 1315 auctore,
1812 1242 1890 1305 idem
1924 1261 1986 1304 non

215 1415 218 1422 .
290 1352 555 1438 τοάμίιίδπῆγεν
577 1355 729 1418 1οο1οοο.

435 1468 483 1543 10,
503 1466 541 1528 19
563 1468 719 1549 legendum
736 1487 802 1532 esse
818 1478 889 1552 puto
904 1470 970 1534 τόν
982 1466 1165 1553 Ἓλλόνωνς
1187 1467 1253 1549 Cpr.
1271 1467 1357 1532 babet
1379 1458 1487 1532 αὐτῶν
1506 1461 1680 1548 ‘ultricem
1703 1465 1754 1528 sed
1777 1465 1802 1528 si
1821 1465 1986 1546 respexeris

296 1581 436 1644 mendum
460 1581 539 1664 quod
562 1581 706 1662 scriptum
730 1589 774 1644 est
798 1581 885 1658 9,16
906 1583 965 1648 τοῦ
986 1581 1062 1656 τούς
1084 1601 1138 1666 pro
1160 1577 1305 1654 τοότοος,
1334 1597 1394 1642 non
1419 1579 1566 1642 dubitabis
1588 1579 1662 1642 mibi
1683 1578 1821 1642 assentiri
1843 1577 1901 1640 boc
1922 1578 1987 1640 loco

290 1691 355 1756 τόν
377 1699 475 1756 ortum
499 1711 565 1756 esse
587 1711 623 1754 er
644 1679 764 1756 odedu.

432 1801 513 1880 thos
528 1805 608 1868 locos
623 1805 649 1868 si
665 1805 832 1886 diligentius
847 1806 1081 1886 perlustraveris,
1097 1825 1259 1887 cognosces
1276 1807 1385 1870 librum
1399 1807 1465 1887 Cpr.
1478 1806 1575 1868 solum
1585 1805 1705 1886 saepius
1718 1804 1839 1868 meliora
1851 1803 1989 1866 exhibere

290 1917 322 1980 iu
343 1917 507 1998 posteriore
523 1926 606 2000 parte
622 1917 688 1980 libri
706 1918 803 2000 primi,
821 1937 881 1980 non
896 1918 928 1980 in
945 1919 1150 2000 prioreparte,
1167 1919 1215 1982 ubi
1232 1919 1382 2000 plerisque
1397 1919 1471 1982 locis
1486 1919 1615 1981 codicem
1633 1919 1699 1999 Cpr.
1717 1936 1774 1979 una
1791 1935 1859 1980 cum
1874 1915 1949 1978 libro
1967 1916 1988 1976 [l

292 2039 443 2111 praestare
454 2030 561 2093 ceteris
577 2031 659 2092 libris
671 2049 758 2111 supra
771 2031 986 2112 explicavimus.
1022 2032 1123 2113 ltaque
1138 2051 1206 2094 cum
1222 2033 1316 2095 codex
1334 2033 1357 2094 ll
1379 2033 1411 2094 in
1427 2031 1589 2113 posteriore
1605 2030 1670 2092 libri
1686 2039 1768 2112 parte
1784 2047 1845 2092 non
1862 2029 1987 2091 eandam

293 2141 499 2205 auctoritatem
516 2143 623 2205 babeat
644 2152 733 2224 atque
755 2143 786 2206 in
808 2143 906 2224 priore
928 2152 1021 2224 parte,
1043 2163 1059 2205 a
1082 2145 1176 2225 capito
1191 2145 1318 2226 septimo
1334 2163 1431 2225 usque
1452 2145 1488 2206 ad
1505 2145 1595 2207 linem
1611 2143 1677 2206 libri
1693 2142 1824 2206 conclusi
1839 2159 1943 2204 sumus
1958 2141 1989 2202 in

294 2254 429 2318 codicem
445 2255 513 2336 Cpr.
546 2255 581 2318 ln
597 2274 656 2336 quo
671 2275 748 2336 quae
763 2255 808 2318 vel
824 2256 912 2318 verba
932 2257 978 2320 vel
993 2257 1107 2320 litterae
1124 2265 1239 2319 exstant
1260 2257 1484 2337 diligentissime
1510 2258 1710 2338 ponderemus
1733 2265 1764 2317 et
1785 2273 1990 2335 comparamus

282 2385 363 2432 cum
388 2367 565 2432 lectionibus
587 2375 754 2431 ceterorum
777 2368 912 2430 codicum
936 2377 1065 2450 oportet,
1090 2379 1122 2432 ut
1137 2369 1293 2450 genuinam
1310 2370 1468 2433 lectionem
1486 2369 1687 2452 expediamus.
1733 2369 1797 2443 Qua
1821 2368 1855 2430 in
1875 2387 1907 2430 ra
1922 2386 1990 2428 cave

293 2483 501 2548 auctoritatem
525 2481 633 2546 codicis
656 2481 723 2564 Cpr.
747 2482 828 2563 parvi
850 2483 948 2558 tacias,
970 2484 996 2546 si
1019 2483 1107 2546 lectio
1129 2483 1312 2565 probabilem
1336 2502 1457 2546 sensum
1481 2483 1628 2565 praebeat.
1673 2481 1769 2564 Supra
1791 2481 1871 2542 enim
1888 2489 1991 2542 osten-

293 2598 373 2662 diusa
395 2596 466 2660 mibi
490 2593 589 2658 videor
610 2595 772 2678 scripturas
794 2595 903 2660 codicis
918 2596 995 2678 Cpr,
1018 2597 1068 2659 ubi
1084 2597 1152 2658 vitio
1168 2596 1309 2670 laborant,
1332 2597 1507 2678 plerumque
1522 2597 1636 2678 ineptas
1652 2603 1740 2676 atque
1755 2593 1898 2656 absurdas
1914 2611 1990 2654 essa.

436 2709 523 2784 Quod
548 2728 637 2791 supra
660 2707 701 2790 (p.
727 2709 835 2788 10sq.)
857 2709 916 2770 ianr
938 2710 1234 2773 commemoravimus
1256 2709 1410 2772 librarium
1433 2709 1542 2774 codicis
1558 2710 1623 2791 Cpr.
1648 2727 1709 2770 non
1730 2708 1768 2769 ita
1783 2727 1819 2770 ux
1835 2705 1992 2788 archetypo

295 2841 351 2886 suo
374 2823 565 2905 descripsisse
581 2821 730 2902 exemplar
752 2839 851 2892 suum,
875 2829 909 2883 ut
928 2822 1021 2886 oculis
1044 2823 1237 2904 perlustraret
1251 2824 1338 2886 verba
1355 2823 1514 2904 archetypi,
1537 2822 1587 2884 sed
1611 2823 1660 2896 ita,
1682 2829 1715 2883 ut
1740 2821 1814 2882 alter
1836 2819 1863 2884 ci
1878 2818 1993 2898 singula

287 2935 453 3012 dictitaret,
475 2935 659 3017 argumentis
692 2935 810 2996 lirmare
844 2933 930 2996 nobis
965 2935 1058 3000 liceat.
1104 2937 1144 2997 llc
1173 2937 1302 3017 primum
1327 2937 1447 3018 quidem
1477 2935 1591 2998 litteras
1613 2956 1643 3017 η,
1667 2953 1706 3008 aa,
1729 2954 1773 3006 οι,
1796 2951 1867 3012 quas
1890 2931 1991 2994 Graeci

293 3049 476 3112 recentiores
498 3058 528 3112 et
550 3048 603 3110 viri
627 3047 704 3110 docti
735 3046 848 3110 mediae
864 3047 966 3110 aetatis
989 3047 1184 3111 enuntiabant
1206 3049 1310 3111 eodem
1341 3050 1428 3111 modo
1458 3067 1517 3130 quo
1545 3048 1673 3110 litteram
1696 3068 1718 3121 ι,
1747 3046 1777 3107 in
1807 3045 1905 3106 codice
1927 3045 1993 3125 Cpr.

294 3163 408 3246 aliquot
440 3162 511 3226 locis
544 3161 685 3226 contundi
719 3161 856 3242 cognosci
890 3170 1004 3243 potest;
1036 3171 1071 3225 ut
1103 3163 1132 3237 2,
1153 3163 1188 3224 9:
1224 3159 1341 3246 οαόσης
1374 3147 1429 3244 pro
1458 3160 1582 3236 σαῖσιςς
1616 3161 1645 3240 5,
1661 3159 1698 3220 2:
1729 3155 1749 3241 ἦ
1775 3153 1911 3240 μεγάλοι
1940 3175 1994 3237 pro

295 3271 328 3340 ci
356 3271 632 3358 perliber37,10:
655 3271 855 3356 όξοπλησόᾳ
878 3291 931 3354 pro
954 3271 1155 3354 λξοπλισλᾳς
1189 3274 1218 3350 8,
1241 3276 1292 3337 1οι
1324 3273 1537 3338 διολίποντα
1559 3292 1612 3354 pro
1636 3269 1882 3346 διαλείποντας
1914 3267 1993 3343 9,6;

295 3385 355 3452 ἐπὶ
376 3407 430 3469 pro
453 3386 544 3463 ἔπο1;
579 3388 627 3460 10,
643 3386 677 3447 9:
705 3382 953 3470 νανανόιμοιον
981 3405 1035 3468 μου
1056 3384 1319 3471 caramuelem
1354 3389 1477 3462 10‚11:
1505 3385 1657 3449 ἐπίεσαν
1678 3403 1733 3466 pro
1761 3379 1906 3472 ἐπῄεσαν
1928 3382 1994 3466 Cpr.

297 3501 411 3566 scribit.
455 3501 567 3563 Eodem
590 3499 777 3562 referendum
801 3499 955 3580 estquod
979 3501 1044 3580 Cpr.
1071 3503 1120 3576 10,
1136 3499 1169 3563 9:
1193 3497 1412 3565 ἀναπτόττειν
1433 3518 1487 3581 pro
1510 3493 1746 3572 ἀναπτύσσειν,
1774 3499 1913 3577 quoniam
1946 3499 1996 3561 illo

295 3613 443 3677 scribendi
472 3623 559 3694 atque
586 3611 802 3694 pronuntiandi
836 3611 924 3674 modo
957 3611 1060 3676 Graeci
1091 3614 1273 3677 recentiores
1296 3615 1464 3678 utebantur.
1520 3613 1617 3693 Atque
1645 3612 1713 3695 quia
1741 3611 1766 3674 is
1793 3614 1845 3694 qui
1872 3611 1994 3674 librario

295 3726 424 3790 dictabat
445 3726 559 3788 litteras
581 3725 707 3788 dicendo
730 3724 905 3787 obscurabat
927 3735 978 3788 aut
1000 3725 1167 3800 devorabat,
1195 3727 1300 3800 accidit
1322 3735 1356 3790 ut
1378 3727 1514 3791 librarius
1538 3728 1647 3790 codicis
1670 3727 1737 3809 Cpr.
1754 3726 1872 3790 audiret
1895 3725 1925 3798 2,
1943 3724 1995 3785 tn:

292 3840 463 3912 σοννόσιος
477 3857 531 3920 pro
547 3839 747 3912 σοεννόσιοςς
770 3837 799 3909 7,
817 3837 853 3897 4:
874 3831 1053 3920 γινομένων
1075 3857 1129 3920 pro
1151 3843 1352 3923 γενομένωνς
1375 3843 1404 3914 7,
1421 3839 1458 3903 3:
1482 3836 1554 3904 ἀντὶ
1577 3841 1642 3904 τῶν
1657 3859 1711 3922 pro
1734 3835 1808 3904 ἀντὶ
1831 3829 1892 3914 όν;
1914 3838 1944 3912 9,
1959 3836 1994 3900 8:

294 3949 420 4036 μηδένα
454 3971 507 4034 pro
540 3949 644 4035 μηδὲν
676 3945 732 4026 ἄν;
762 3949 792 4024 9,
811 3950 864 4012 16:
885 3951 943 4012 τοῦ
976 3950 1052 4026 roric
1083 3971 1136 4032 pro
1169 3949 1319 4028 coureng,
1352 3954 1382 4028 9,
1399 3953 1454 4016 lu:
1476 3947 1760 4025 κατασκευάζοντά
1793 3974 1829 4013 τε
1860 3949 1917 4033 τῆς
1939 3968 1993 4030 pro

294 4059 579 4136 νιατασοιενόζοντό
598 4085 634 4125 τε
655 4053 709 4151 pfl
737 4061 766 4135 9,
783 4062 837 4124 27:
872 4055 1042 4127 δ’ἔδόνατο
1064 4083 1118 4145 pro
1141 4063 1179 4128 δὲ
1201 4063 1353 4144 δόναιτο;
1390 4068 1471 4140 3,1;
1495 4061 1684 4130 όπόπτεοον
1706 4083 1760 4146 pro
1783 4055 1986 4128 όπιόπτενον

295 4177 325 4252 9,
341 4175 375 4240 9:
399 4175 610 4260 βουλομένων
642 4193 697 4256 pro
729 4171 947 4256 βονλόμονονς
980 4177 1008 4250 5,
1027 4178 1081 4240 14:
1106 4172 1185 4242 αι’τό
1209 4199 1263 4260 pro
1285 4175 1382 4265 αὐτῷ.
1426 4180 1538 4242 Eodem
1570 4179 1719 4260 pertinere
1754 4177 1825 4242 mibi
1859 4177 1996 4239 videntur

296 4290 403 4354 menda
424 4297 562 4352 accentus
586 4296 619 4350 ut
640 4284 797 4368 docetote
818 4305 873 4369 pro
895 4283 1051 4368 βασίλεια
1074 4289 1117 4368 (2,
1132 4292 1180 4368 7);
1202 4287 1284 4379 αότὴ
1307 4311 1361 4374 pro
1379 4287 1461 4375 αὕτη
1484 4293 1526 4370 (5,
1542 4293 1593 4367 4);
1614 4287 1703 4374 ἦρτο
1719 4285 1742 4376 ἦ
1758 4291 1800 4366 (6,
1816 4288 1859 4370 8).
1903 4291 2000 4369 Atque

295 4401 407 4466 haesito
422 4419 461 4464 an
476 4403 511 4476 is,
527 4401 579 4483 qui
594 4399 730 4476 dictabat,
745 4400 851 4481 pituita
867 4401 988 4464 molesta
1001 4401 1192 4479 laboraveritc
1209 4425 1277 4468 nam
1294 4405 1346 4480 8,4
1358 4405 1502 4489 ποταπῷ
1517 4425 1571 4487 pro
1585 4405 1725 4488 ποταμῷ
1737 4405 1880 4485 scriptum
1890 4407 1995 4464 exstat.

437 4517 481 4578 Ad
504 4521 670 4578 extremum
693 4513 838 4595 explicare
860 4513 955 4586 liceat,
978 4533 1055 4596 quae
1078 4517 1152 4580 ratio
1175 4518 1340 4582 intercedat
1361 4520 1440 4581 inter
1462 4519 1593 4581 codicem
1616 4519 1683 4600 Cpr.
1706 4525 1736 4582 et
1759 4517 1876 4582 codices
1893 4515 1997 4576 lesu

297 4637 329 4692 et
350 4629 428 4692 inter
450 4627 584 4692 codicem
608 4627 705 4689 Ccorr.
729 4635 760 4689 et
781 4625 848 4688 illos
871 4626 999 4692 codices.
1042 4628 1183 4694 Plurimis
1206 4633 1276 4695 locis
1292 4633 1381 4714 primi
1396 4632 1462 4696 libri
1485 4633 1678 4696 consentiunt
1694 4633 1717 4694 A
1733 4641 1763 4694 ct
1778 4630 1801 4692 B
1817 4627 1999 4693 coniunctim

297 4761 367 4806 oum
389 4743 504 4820 Cccrr..·,
527 4739 714 4822 septuaginta
736 4739 791 4802 bos
813 4739 892 4802 locos
914 4741 1069 4804 numeravi

743 4851 811 4933 Cpr.
1472 4861 1581 4932 Ccorr,
1604 4860 1637 4931 Α,
1659 4857 1691 4920 Β.

353 4969 380 5042 1,
403 4965 439 5027 2:
458 4955 621 5048 Ἑλλήνων
643 4961 726 5044 ἔχων
1255 4967 1422 5055 Ἑλλήνων
1444 4970 1482 5034 δὲ
1506 4969 1588 5052 ἔχων

354 5082 381 5155 1,
404 5077 441 5142 3:
464 5069 632 5160 λαμβάνοι
1260 5079 1486 5168 συλλαμβάνει

1302 5199 1368 5280 (sed
1391 5199 1489 5262 Ccorr.
1514 5205 1544 5260 et
1566 5195 1588 5259 ll
1612 5215 1671 5259 uno
1693 5193 1713 5260 λ
1734 5197 1849 5274 cancul)

356 5305 383 5374 1,
406 5303 442 5364 5:
464 5300 662 5366 διατιδεΐσοι
1261 5309 1430 5386 διατιθεὶς
