4526 5848
1007 315 1228 379 „11-

270 493 346 568 τοὺς
369 492 551 576 πολεμίους
574 493 606 554 ελ
626 488 833 576 φυλάττοιεν,
856 491 1007 556 llehdentz
1031 494 1061 555 in
1083 494 1337 556 commentatione
1364 493 1463 556 critica
1490 513 1518 574 p.
1544 491 1583 555 13
1603 477 1670 564 ’ἔξω
1692 491 1761 555 τῶν
1783 487 1895 556 πυλῶν
1916 488 1972 554 καὶ

268 604 472 690 βιασάμενος
492 602 570 680 τούς
593 603 774 688 πολεμέους
796 605 983 687 παρέλθοι,
1005 606 1036 668 ελ
1058 602 1264 691 φυλάττοιεν.
1309 608 1342 668 ln
1371 607 1533 670 editionem
1561 611 1659 668 autem
1687 585 1971 668 tertiamrlnahasis

268 720 371 783 Goheti
398 720 600 782 coniecturam
624 718 743 799 recepit.
790 718 849 781 Sed
879 737 948 782 vere
974 719 1048 782 mihi
1073 718 1272 783 Breitenbaeh
1304 719 1435 783 iudicare
1468 719 1586 782 videtur
1614 718 1739 781 rerhum
1767 713 1970 799 βιασάμενος

268 838 434 918 proiectum
458 852 524 896 esse
546 832 582 894 ab
604 851 650 906 eo,
674 832 724 912 qui
746 832 829 896 verbi
852 825 1061 913 παρέλθοιεν
1082 833 1266 909 subiectum,
1298 841 1396 896 totum
1420 832 1480 896 scil.
1504 832 1675 906 exercitum,
1697 849 1759 894 non
1782 829 1968 894 intellexerit.

270 945 398 1010 Verbum
429 953 528 1009 autem
561 943 769 1030 παρέλθοιεν
790 945 822 1007 in
844 945 943 1008 codiee
966 945 1033 1026 Cpr.
1058 945 1217 1009 desiderari
1240 947 1351 1010 mirum
1373 945 1427 1008 tihi
1449 963 1512 1008 non
1534 945 1697 1018 videbitur,
1730 945 1755 1007 si
1787 945 1971 1026 reputaveris

270 1059 441 1140 saepissime
462 1059 616 1122 librarium
639 1058 747 1121 codicis
769 1058 835 1140 Cpr.
859 1057 968 1140 aliquid
992 1058 1140 1120 omisisse.

288 1186 291 1195 ’
410 1171 451 1234 Ea
473 1172 537 1253 ipsa
560 1171 597 1234 de
620 1189 707 1234 eausa
730 1170 796 1246 s‚4
818 1171 974 1249 legendum
998 1189 1064 1234 esse
1086 1181 1159 1253 puto
1181 1168 1257 1246 τούς
1279 1173 1496 1254 τιμωμένους,
1519 1174 1699 1252 quamquam
1722 1169 1796 1232 liber
1811 1170 1879 1251 Cpr.
1895 1167 1971 1244 τούς

268 1285 388 1360 omittit,
411 1303 482 1347 nam
505 1285 662 1348 articulum
687 1303 748 1346 non
771 1285 864 1347 semel
878 1284 1029 1347 librarium
1046 1284 1182 1347 omisisse
1198 1305 1232 1348 ex
1249 1285 1400 1366 exemplis,
1417 1303 1493 1365 quae
1508 1302 1596 1366 supra
1611 1284 1705 1358 attuli,
1721 1283 1791 1346 satis
1806 1282 1969 1364 intellegas.

267 1397 362 1460 Etiam
391 1397 462 1473 9,6
497 1398 625 1461 arbitror
653 1397 774 1461 rerhum
805 1395 948 1482 φανεράς
976 1399 1154 1461 serrandum
1185 1417 1268 1473 esse,
1300 1417 1481 1479 quamquam
1512 1415 1617 1460 omnes
1639 1396 1767 1459 editores
1789 1395 1970 1460 recentiores

269 1509 391 1574 verbum
414 1511 524 1574 delent.
569 1511 643 1574 llam
664 1511 695 1574 id
717 1513 834 1593 ipsum,
863 1512 942 1592 quod
965 1511 1116 1574 cicatrices
1139 1511 1312 1574 manifestae
1334 1519 1418 1574 erant
1439 1511 1490 1586 ita,
1514 1519 1547 1573 ut
1568 1511 1604 1573 ah
1627 1509 1768 1573 omnihus
1790 1508 1970 1582 viderentur,

268 1625 496 1705 exprimendum
520 1631 592 1687 erat.
1814 1605 1816 1610 ι

412 1737 525 1800 Eodem
548 1737 740 1800 referendum
765 1746 810 1800 est
831 1738 897 1813 9,6
920 1739 1086 1815 κατέκανε,
1110 1737 1163 1800 ubi
1186 1737 1277 1800 ceteri
1300 1755 1405 1800 omnes
1427 1714 1600 1799 κατέκτανε
1621 1735 1768 1798 exhibent.

410 1851 465 1913 Sed
495 1850 531 1912 de
553 1849 670 1913 duobus
691 1851 777 1924 locis,
809 1850 861 1912 uhi
883 1850 992 1931 aliquid
1014 1851 1159 1913 omissum
1178 1869 1248 1912 esse
1269 1850 1301 1912 in
1323 1851 1390 1931 Cpr.
1413 1849 1551 1912 nonnulli
1572 1847 1699 1911 editores
1722 1855 1838 1929 putant,
1860 1845 1969 1910 horum

268 1963 435 2026 tententiae
457 1964 599 2026 accedere
621 1982 684 2027 non
705 1981 850 2044 possum,
873 1963 953 2044 quod
975 1963 1132 2026 verhorum
1156 1963 1303 2026 sententia
1326 1953 1382 2026 illis
1404 1963 1476 2025 locis
1499 1971 1560 2025 tam
1582 1969 1681 2044 aperta
1703 1968 1791 2042 atquo
1814 1960 1969 2043 perspicua

267 2083 332 2150 est,
354 2085 388 2138 ut
410 2075 537 2140 dubitari
559 2077 667 2158 possit,
691 2093 781 2150 num,
804 2076 830 2138 si
851 2076 976 2138 fortuito
998 2076 1197 2157 intercidisset
1219 2076 1264 2139 rel
1286 2075 1383 2139 littera
1406 2076 1451 2138 rel
1473 2075 1606 2147 verbum,
1629 2073 1695 2136 lieri
1716 2074 1856 2155 potuerit,
1880 2075 1968 2136 utin

267 2189 401 2251 oratione
423 2191 498 2252 ratio
521 2199 610 2272 atque
633 2190 788 2253 consdium
812 2189 931 2251 inesset.
962 2190 1002 2252 lit
1025 2189 1119 2263 7,18,
1142 2190 1192 2251 ubi
1215 2190 1304 2252 ceteri
1326 2189 1392 2252 libri
1414 2187 1526 2251 habent
1547 2187 1587 2276 τῇ
1602 2182 1756 2270 ἑνδεκάτῃ
1772 2181 1829 2248 ἀπ’
1845 2183 1970 2270 δκελνῃς

265 2300 322 2384 τῆς
349 2295 489 2385 ἡμέρας,
520 2303 552 2366 in
579 2302 601 2365 C
630 2302 687 2385 τῆς
714 2311 783 2384 post
812 2299 937 2384 έκελνῃς
963 2310 993 2364 et
1020 2323 1036 2376 ς
1062 2311 1132 2384 post
1158 2297 1263 2386 ἡμέρᾳ
1285 2301 1417 2365 additum
1441 2309 1486 2364 est
1509 2319 1598 2364 manu
1620 2300 1763 2374 secunda,
1792 2299 1878 2362 utin
1900 2299 1969 2380 Cpr.

266 2415 356 2478 hrarit
381 2414 421 2504 τῇ
450 2411 606 2500 ἑνδεκάτῃ
629 2411 687 2478 ἀπ’
710 2412 834 2499 έκεένῃς
856 2409 970 2498 ἡμέρᾳ.
1014 2415 1077 2478 Ηοο
1098 2415 1233 2478 scribom
1254 2414 1423 2488 uendente,
1445 2414 1521 2494 llug,
1545 2413 1684 2488 Schenkl,
1707 2411 1809 2488 colea
1831 2411 1968 2475 Breiten-

266 2525 343 2590 bach
371 2539 402 2591 et
430 2536 605 2611 comparant
633 2527 700 2590 ller.
721 2527 792 2602 vill,
812 2527 867 2589 54:
897 2523 966 2591 άπὸ
989 2525 1028 2590 δὲ
1048 2527 1105 2611 τῆς
1125 2524 1277 2612 πέμψιος
1297 2529 1357 2592 τοῦ
1378 2523 1515 2612 κήρυκος
1537 2524 1672 2610 δευτέρῃ
1695 2520 1809 2610 ἡμέρῃ.
1852 2524 1969 2590 Arriam.

267 2639 360 2705 Anah.
386 2643 414 2715 1,
430 2643 459 2717 6,
476 2642 505 2716 9,
528 2639 629 2714 ΙΙ,23,
647 2643 678 2702 1:
702 2642 794 2724 τρλτῃ
816 2635 886 2704 άπὸ
907 2637 1026 2724 ταάτῃς
1047 2636 1163 2724 ἡμέρᾳ.

411 2753 472 2818 Νεε
493 2755 577 2817 ahter
597 2753 790 2817 iudicandum
814 2762 861 2816 est
882 2754 919 2816 de
941 2754 1006 2817 loeo
1031 2755 1081 2826 10,
1097 2757 1126 2829 4,
1150 2755 1202 2817 uhi
1216 2755 1283 2836 Cpr.
1305 2754 1387 2817 aolus
1408 2752 1544 2835 praehet:
1568 2747 1602 2816 ολ
1624 2748 1685 2834 μέν
1706 2746 1970 2827 διάκοντεςτούς

265 2865 347 2929 άαθ’
375 2862 494 2942 αὐτούς
520 2861 564 2941 οἷς
591 2862 700 2931 πάντα
726 2865 896 2944 νικῶντες,
926 2863 960 2930 οἳ
989 2861 1222 2950 δάρπάζοντες
1245 2862 1288 2941 ω“ς
1309 2863 1372 2951 ἤδη
1394 2863 1505 2930 πάντα
1525 2865 1688 2940 νικῶντες.
1732 2865 1829 2928 Ceteri
1851 2866 1965 2931 codices

265 2988 320 3064 pro'
348 2975 461 3044 πάντα
485 2981 584 3062 priore
611 2981 676 3043 looo
706 2975 845 3054 πάντας,
874 2981 966 3043 altero
989 2981 1055 3042 loco
1079 2975 1200 3054 πάντες
1221 2980 1366 3043 scribunt.
1411 2979 1570 3042 Consentio
1593 2997 1662 3042 oum
1684 2979 1867 3042 liehdantaio
1889 2981 1922 3060 (l.
1945 2981 1964 3042 l.

265 3085 294 3176 p.
315 3093 347 3170 6)
377 3093 423 3156 bis
452 3089 562 3158 πάντα
588 3093 778 3156 scribendum
800 3111 882 3157 esse.
926 3093 1001 3156 Nam
1027 3094 1155 3175 primum
1178 3094 1358 3175 persuadere
1379 3093 1453 3155 mihi
1476 3111 1537 3156 non
1559 3111 1683 3174 possum
1705 3091 1857 3155 librarium
1878 3091 1926 3155 his
1949 3114 1965 3166 ς

265 3207 386 3270 lortuito
409 3206 546 3269 omisisse
568 3205 719 3269 hocloco.
764 3206 876 3268 lleinde
898 3207 986 3270 lectio
1008 3217 1175 3270 ceterorum
1196 3207 1340 3270 librorum
1365 3223 1544 3288 quamquam
1566 3205 1656 3287 polita
1672 3215 1727 3280 est,
1749 3213 1851 3268 tamen
1864 3224 1964 3268 arces-

265 3319 320 3382 sita
344 3319 415 3382 milri
439 3319 653 3383 videturesse.
697 3319 774 3381 'l'um
796 3319 925 3382 arbitror
948 3321 1039 3400 magis
1061 3320 1192 3401 legitime
1215 3327 1304 3401 atque
1326 3321 1441 3383 acutius
1456 3318 1685 3402 Xenophontem
1708 3318 1857 3382 dicturum
1871 3317 1965 3382 luisse

263 3431 356 3496 altero
385 3433 449 3495 loco
479 3427 522 3505 οἷς
548 3428 611 3515 ἤδη
634 3429 770 3495 πάντων
798 3429 974 3497 νικώντων.
1023 3433 1179 3496 Postremo
1207 3451 1269 3496 nou
1296 3441 1355 3497 tam
1384 3453 1400 3496 a
1422 3433 1567 3514 scriptore
1589 3432 1748 3495 dicendum
1770 3440 1834 3494 erat
1855 3432 1964 3495 alteros

263 3551 383 3627 putasse
406 3565 421 3607 a
445 3564 478 3608 se
500 3563 602 3607 omnes
624 3545 731 3618 victos,
754 3545 862 3608 alteros
885 3565 917 3608 se
938 3564 1044 3608 omnes
1066 3546 1192 3609 victores
1215 3565 1280 3610 esse
1303 3565 1393 3627 quam
1415 3555 1557 3626 utrosque
1580 3545 1765 3610 existimasse
1786 3565 1818 3608 se
1841 3545 1964 3609 omnino

263 3667 292 3721 et
314 3659 402 3741 plane
424 3658 551 3722 victores
573 3668 604 3721 et
625 3677 658 3721 ea
681 3659 745 3741 ipsa
767 3675 800 3721 re
822 3667 989 3721 commotos
1013 3677 1087 3734 esse,
1110 3669 1144 3722 ut
1166 3661 1250 3723 alteri
1272 3658 1378 3723 Persas
1400 3667 1654 3742 persequerentur
1675 3657 1759 3721 alteri
1782 3658 1964 3721 Graecorum

263 3779 356 3834 castra
389 3772 563 3853 diriperent.
613 3772 713 3834 altem
747 3780 847 3834 autem
880 3773 944 3834 loco
978 3765 1020 3846 άς
1052 3769 1163 3837 πάντα
1191 3773 1343 3846 νικῶντες
1372 3773 1533 3834 delendum
1562 3791 1642 3846 esse,
1675 3771 1756 3853 quod
1786 3771 1963 3835 Schenlrslio

263 3883 294 3960 tl.
317 3885 335 3945 1.
365 3903 392 3966 p.
414 3883 490 3966 620)
519 3885 628 3966 placet,
656 3893 760 3965 putare
789 3903 850 3946 non
879 3905 1016 3967 possum3
1044 3905 1112 3948 nam
1140 3903 1263 3968 perraro
1294 3885 1427 3948 accidere
1457 3893 1544 3966 atque
1575 3885 1685 3947 mhum
1708 3903 1773 3948 esse
1794 3883 1963 3966 Xenophon

262 3993 361 4060 dicere
383 3997 485 4072 voluit,
509 3998 587 4078 quod
609 3997 728 4078 utrique
750 4005 917 4078 pugnantes
940 3999 1142 4062 existimarent
1163 4018 1196 4061 se
1218 4017 1316 4080 pugna
1341 3999 1449 4061 alteros
1471 3997 1557 4078 plane
1579 3997 1694 4060 vicisse.

406 4109 465 4171 Sed
496 4128 558 4172 uon
586 4110 683 4172 solum
712 4129 747 4172 eo
775 4111 845 4172 vitio
877 4111 990 4174 laborat
1016 4113 1108 4174 codex
1130 4113 1215 4193 Cpr..
1244 4112 1323 4192 quod
1346 4110 1484 4174 librarius
1506 4111 1598 4172 multa
1621 4110 1699 4172 male
1722 4110 1888 4184 omittebat,
1910 4112 1963 4174 sed

261 4223 350 4285 etiarn
380 4223 460 4304 quod
490 4221 597 4284 menda
627 4223 703 4285 libro
730 4224 903 4306 saepissime
932 4224 1114 4287 admovebat.
1158 4225 1245 4287 Velut
1273 4223 1414 4286 mendose
1436 4223 1556 4304 scripsit
1580 4223 1607 4297 1,
1622 4223 1657 4284 5:
1688 4220 1887 4286 διατιθετσα
1908 4241 1962 4305 pro

261 4333 443 4412 δέατιθελς;
471 4331 502 4409 2,
518 4337 551 4397 7:
575 4334 732 4417 βασιλεέα
753 4355 808 4418 pro
823 4335 995 4418 βασίλεια,
1017 4336 1045 4412 2,
1062 4337 1095 4398 9:
1119 4332 1227 4421 σάσῃς
1242 4356 1296 4418 pro
1312 4331 1431 4411 στάσιςς
1454 4335 1484 4410 2,
1502 4333 1556 4397 12;
1579 4337 1748 4410 σοννέσιος
1763 4344 1817 4419 pr'o
1832 4337 1963 4399 συεννέ-

261 4464 347 4524 σιος;
369 4449 397 4522 2,
413 4447 469 4511 25:
500 4445 659 4533 ἔφθασαν
681 4467 736 4530 pro
759 4447 906 4534 ἔφασαν;
929 4450 1007 4527 3,1:
1030 4445 1222 4516 άπόπτευον
1243 4469 1298 4532 pro
1320 4441 1536 4523 άπιάπτευονς
1564 4449 1592 4522 3,
1609 4448 1643 4510 9.·
1665 4448 1730 4514 τάν
1752 4444 1963 4532 βουλομένων

259 4578 314 4641 pro
336 4558 393 4624 τὸν
414 4557 633 4644 βουλόμενονς
656 4562 685 4635 3,
704 4563 758 4624 17:
780 4559 920 4626 ἔσεσθαι
943 4581 997 4643 pro
1013 4565 1180 4639 έπεσθαι;
1203 4558 1775 4645 3,11;μουλόμῃνριοβοολοιμῃι,
1805 4560 1834 4634 3,
1850 4561 1905 4623 2οτ
1928 4569 1963 4624 ut

259 4673 375 4735 videtur
390 4669 479 4739 έλεέν
492 4694 547 4756 pro
562 4671 696 4752 έλθετν;
719 4676 748 4749 4,
765 4677 799 4758 15
813 4673 872 4758 τήν
886 4673 1040 4762 θαλάττῃ
1054 4695 1109 4758 pro
1124 4676 1163 4765 τῇ
1177 4671 1343 4760 θαλάττῃ;
1366 4677 1396 4750 5,
1408 4677 1442 4737 2:
1459 4683 1492 4738 ut
1506 4675 1623 4738 ridetur
1638 4671 1746 4757 άμριοι
1762 4693 1817 4755 pro
1832 4669 1944 4756 ἄγριοι
1949 4701 1961 4753 ,·

259 4787 289 4859 5,
305 4786 343 4847 2:
366 4786 528 4870 στρουθολ
550 4783 574 4870 ἡ
594 4783 734 4870 μεγάλοι
755 4807 810 4868 pro
833 4788 994 4872 στρουθοὶ
1017 4785 1050 4854 οἳ
1065 4787 1220 4872 μεγάλοις
1242 4791 1272 4864 5,
1288 4791 1323 4852 4:
1339 4785 1418 4874 αδτῃ
1434 4807 1490 4872 pro
1506 4781 1603 4871 αὖτῃς
1625 4788 1657 4863 5,
1674 4786 1729 4848 10:
1745 4781 1891 4871 εὗφράτη
1906 4805 1961 4868 pro

260 4894 438 4983 εδφράτονς
464 4899 566 4976 5,13;
589 4901 717 4964 famame
735 4901 873 4984 τρέπειν
894 4921 950 4983 pro
971 4904 1111 4986 τρέχειν,
1135 4905 1273 4984 cognosci
1296 4904 1375 4966 enim
1397 4903 1429 4966 in
1453 4901 1553 4965 codice
1569 4918 1630 4962 non
1647 4901 1705 4966 iam
1722 4881 1835 4982 potest;
1858 4901 1963 4977 5,16ε

258 5007 517 5097 κατακόψεσθαι
538 5032 593 5094 pro
615 5009 927 5098 κατακεκόψεσθαι;
949 5017 979 5090 3,
995 5017 1029 5077 5:
1054 5011 1171 5100 δρόντῃ
1194 5035 1248 5098 pro
1271 5008 1401 5099 δράντα,
1424 5023 1545 5097 apparet
1560 5019 1708 5085 mendum
1723 5013 1885 5092 scripturae
1900 5030 1965 5076 esse

260 5125 290 5186 in
318 5127 501 5208 paragrapho
530 5125 611 5188 enim
639 5137 721 5189 serta
749 5129 899 5210 reperitur
921 5123 1057 5212 δράντα,
1086 5131 1117 5206 6,
1132 5131 1166 5194 8:
1189 5125 1211 5213 ἢ
1232 5147 1289 5210 pro
1310 5122 1348 5212 ἧς
1375 5129 1405 5202 7,
1420 5131 1455 5190 4:
1478 5127 1673 5208 γινομένων
1694 5143 1749 5210 pro
1771 5125 1969 5204 γενομένων,

260 5237 289 5311 7,
307 5236 342 5301 S:
371 5238 450 5321 παρ’
472 5235 582 5303 αὐτῶν
602 5255 657 5321 pro
679 5240 756 5322 παρ’
780 5237 899 5317 αὐτόν,Ι
921 5241 951 5318 8,
968 5241 1003 5304 3:
1027 5239 1235 5315 καθέζεσθαι
1258 5244 1385 5306 lortssse
1407 5259 1462 5324 pro
1485 5231 1878 5368 ecdlocqgaouefllffi
1900 5230 1972 5294 δια·

1747 5338 1766 5390 ‘l
