4526 5848
1012 383 1231 448 -14-

719 559 785 641 Cpr.
1442 561 1538 622 Goon:
1563 560 1596 636 A,
1619 560 1650 622 B.

331 668 357 740 1,
381 666 415 728 8:
438 665 497 750 τὴν
519 703 560 712 -
582 667 765 756 ἐπιβουλὴν
1227 673 1283 757 τῆς
1306 705 1347 718 -
1369 669 1551 757 ἐπιβουλῆς

328 781 355 852 1,
378 781 414 842 9;
436 779 477 864 τῆ
500 781 568 844 κατ’
590 778 770 868 ἀντιπέρας
1227 785 1284 869 τῆς
1306 785 1375 848 κατ’
1397 781 1579 870 ἀντιπέρας

326 893 355 966 2,
380 895 412 955 1:
437 913 497 955 om.
1229 893 1271 972 τίς

326 1005 355 1078 2,
379 1008 415 1067 5;
439 1026 498 1068 om.
1227 1009 1320 1093 παρὰ

325 1118 354 1192 2,
380 1119 434 1180 13:
460 1117 498 1182 δέ
521 1114 650 1185 ἐλαύνει
1226 1121 1264 1186 δέ
1286 1118 1451 1194 ἐξελαύνει

324 1229 353 1304 2,
379 1229 431 1293 18:
455 1230 573 1316 ἔφυγεν
594 1233 652 1298 ἐπὶ
677 1241 723 1314 (ut
745 1239 872 1316 videtur)
1226 1231 1347 1318 ἔφυγεν
1369 1233 1405 1298 ἐκ

324 1343 354 1416 2,
377 1344 432 1405 21:
454 1355 623 1430 περιεῖχεν
644 1350 704 1413 sive
727 1354 901 1434 περιέσχεν
1226 1351 1373 1431 περιέχει

324 1457 353 1532 3,
379 1459 413 1520 1:
438 1455 593 1541 ἄρξαιντο
616 1461 707 1544 (quod
731 1464 796 1544 Hug
819 1466 889 1547 legit
909 1467 941 1529 in
963 1467 1043 1550 Cpr.)
1225 1457 1345 1546 ἤρξατο

324 1569 352 1644 3,
376 1571 412 1632 9:
435 1571 501 1636 τῶν
523 1573 735 1658 βουλομένων
1224 1573 1283 1638 τὸν
1303 1567 1507 1657 βουλόμενον

324 1683 352 1754 3,
380 1684 432 1746 16:
457 1689 661 1770 ποιουμένου
1225 1684 1270 1770 μὴ
1292 1689 1497 1770 ποιουμένου

323 1795 352 1871 3,
378 1797 432 1860 17:
456 1819 515 1861 om.
1224 1793 1341 1873 αὗτατς

323 1907 352 1983 3,
379 1909 432 1971 17:
457 1901 483 1973 ὦ
1227 1904 1253 1996 ᾤ
1275 1909 1317 1975 ἂν

323 2019 352 2093 3,
379 2023 434 2083 17:
458 2043 517 2086 om.
1228 2021 1302 2089 οίόν
1323 2047 1358 2087 τε

322 2131 351 2207 3,
378 2134 431 2195 17:
455 2135 625 2222 βουλόμρν
1229 2136 1411 2222 βουλοίμην

326 2244 356 2318 3,
379 2246 435 2309 2οε
459 2245 512 2311 ἐλε
535 2249 562 2312 .”.
1229 2249 1346 2315 mm

329 2359 357 2430 4,
381 2359 413 2419 2;
436 2354 553 2436 αδτατς
1229 2358 1337 2426 αὐτῶν

328 2472 357 2545 4,
382 2470 414 2532 3:
438 2465 498 2534 ἐπὶ
520 2475 601 2538 νεῶν
1228 2474 1288 2539 ἐπὶ
1309 2475 1375 2538 τῶν
1396 2475 1478 2540 νεῶν

326 2583 355 2654 4,
379 2586 413 2646 4:
437 2579 531 2669 εὖρος
552 2585 704 2671 πλέθρου
1229 2574 1323 2672 εὖρος
1344 2583 1384 2672 ἦν
1406 2587 1561 2672 πλέθρου

324 2694 352 2768 4,
376 2697 410 2758 5:
434 2717 493 2761 om.
1229 2699 1435 2785 παρέλθοιεν

322 2812 350 2884 4,
374 2812 407 2873 7:
432 2807 559 2893 ἔμεινεν
1226 2812 1361 2899 ἔμειναν

320 2923 350 2998 4,
373 2924 408 2986 7:
431 2923 507 2999 τους
528 2926 623 3012 παρὰ
645 2925 789 3014 κλεάρχιο
1223 2928 1300 3003 τοὺς
1326 2925 1419 3009 παρα
1445 2924 1604 3012 κλέαρχον
1626 2927 1680 3010 (λε
1708 2925 1767 2991 τόν
1788 2927 1859 2991 κλέ-

1324 3038 1442 3126 αιυν)

320 3149 349 3222 4,
373 3148 407 3210 7:
432 3145 559 3226 δειλοὺς
1226 3150 1344 3238 δήλους

320 3259 349 3334 5,
375 3262 408 3323 1:
433 3281 492 3324 om.
1225 3269 1324 3332 πέντε

319 3373 349 3442 5,
377 3375 408 3437 1:
432 3370 555 3458 ὁμαλὲς
1224 3376 1352 3463 ὁμαλὸν

312 3492 349 3564 ,5,
373 3489 409 3552 2:
433 3509 491 3552 om.
1223 3503 1295 3567 τοῖς
1318 3497 1439 3565 ίπποις

320 3606 348 3678 5,
372 3601 408 3664 2;
432 3623 491 3666 om.
1224 3604 1285 3688 μὲν
1306 3641 1349 3651 -
1371 3603 1409 3668 δέ

318 3717 349 3790 5,
371 3716 405 3776 4:
428 3711 510 3800 αὐτή
1224 3713 1305 3800 αὕτη

319 3831 347 3902 5,
370 3831 406 3891 7:
430 3827 576 3911 λαβόντα
1224 3827 1386 3912 λαβόντας

319 3943 349 4016 5,
372 3942 407 4004 9:
432 3937 499 4006 ὅσοι
1222 3937 1291 4026 ὅσῳ
1314 3943 1375 4025 μέν
1396 3937 1438 4006 ἄν

197 4127 201 4136 ,
319 4057 349 4133 5,
374 4057 428 4117 1οι
453 4047 598 4140 εδφριίτη
1222 4048 1389 4141 εδφροῖτου

318 4169 347 4242 5,
375 4168 426 4230 13:
451 4189 510 4231 om.
1222 4167 1259 4232 τὸ
1283 4177 1313 4230 et
1334 4167 1424 4250 paulo
1446 4177 1515 4249 post
1537 4165 1599 4252 μέν

317 4281 347 4354 5,
374 4282 426 4342 14:
450 4277 530 4344 αὐτὸ
1222 4277 1313 4364 αὐτῷ

318 4394 348 4467 5,
374 4394 429 4454 14:
452 4389 568 4473 δλίχου
1223 4391 1337 4472 ὀλίγον

318 4507 347 4580 6,
370 4505 404 4568 2:
428 4503 470 4569 ἂν
493 4505 563 4571 έλοι
1226 4502 1298 4571 ἐλαι

318 4623 346 4696 6,
372 4620 405 4682 3:
429 4623 573 4696 πίστεως
1223 4617 1279 4682 καί
1302 4622 1447 4693 πίστεως

318 4740 347 4813 7,
370 4737 404 4797 4:
433 4727 471 4798 εὖ
494 4757 628 4818 ...μωι
1223 4727 1391 4816 εῧτόλμων

317 4851 347 4925 7,
370 4851 408 4912 4:
431 4851 616 4932 γινομένων
1223 4849 1408 4930 γενομένων

318 4963 349 5036 ⁷,
373 4963 408 5026 ὅτ
432 4957 514 5046 dom*
537 4959 677 5046 πατρία
1224 4953 1349 5044 videm>
1372 4955 1391 5044 ἦ
1415 4955 1555 5041 necoda

320 5077 349 5150 7,
374 5074 408 5136 6:
432 5074 479 5137 bis
501 5076 619 5157 μέχρισ
1224 5075 1319 5156 μέχρι
1565 5079 1569 5092 “

318 5187 347 5262 7,
375 5187 427 5250 12:
452 5178 589 5271 ἡμέραις
1223 5181 1345 5270 ἡμέρας

319 5301 347 5376 7,
372 5299 429 5363 18:
451 5301 490 5384 τῆ
514 5295 668 5384 ἑνδεκάτη
692 5295 750 5363 ἀπ’
773 5297 900 5383 ἐκείνης
921 5294 1027 5382 ἡμέρα
1222 5297 1261 5388 τῇ
1276 5295 1432 5383 ἑνδεκάτῃ
1449 5291 1506 5361 ἀπ’
1522 5293 1646 5380 ἐκείνης
1668 5295 1724 5379 τῆς
1739 5289 1860 5378 ἡμέρας
